%% This BibTeX bibliography file was created using BibDesk.
%% http://bibdesk.sourceforge.net/


%% Created for windalf at 2011-05-17 10:12:34 +0200 


%% Saved with string encoding Unicode (UTF-8) 



@book{kr,
	Address = {London, UK},
	Author = {Kernighan, Brian W. and Ritchie, Dennis M.},
	Date-Added = {2011-05-17 09:53:55 +0200},
	Date-Modified = {2011-05-17 10:12:34 +0200},
	Edition = {2},
	Publisher = {{Prentice-Hall International}},
	Title = {The C Programming Language},
	Year = {1988}}

@book{moeller2008,
	Address = {{Natick, MA, USA}},
	Author = {Akenine-M{\"o}ller,Tomas and Haines, Eric and Hoffman, Naty},
	Date-Added = {2011-02-20 14:25:20 +0100},
	Date-Modified = {2011-02-20 14:30:44 +0100},
	Edition = {3},
	Publisher = {{A. K. Peters, Ltd.}},
	Title = {Real-time Rendering},
	Year = {2008}}

@misc{studierstube,
	Author = {{Graz University of Technology}},
	Date-Added = {2010-10-29 15:51:35 +0200},
	Date-Modified = {2010-10-29 15:52:29 +0200},
	Title = {Studierstube Augmented Reality Project},
	Url = {http://studierstube.icg.tu-graz.ac.at/},
	Urldate = {2010-10-29},
	Year = {o.J.},
	Bdsk-Url-1 = {http://studierstube.icg.tu-graz.ac.at/}}

@misc{artoolkitplus,
	Author = {{Graz University of Technology}},
	Date-Added = {2010-10-21 12:34:14 +0200},
	Date-Modified = {2010-10-29 17:34:10 +0200},
	Title = {ARToolKitPlus 2.1.1},
	Url = {http://studierstube.icg.tu-graz.ac.at/handheld_ar/artoolkitplus.php},
	Urldate = {2010-10-29},
	Year = {2010},
	Bdsk-Url-1 = {http://studierstube.icg.tu-graz.ac.at/handheld_ar/artoolkitplus.php}}

@misc{artoolkit,
	Author = {{University of Washington, Human Interface Technology Laboratory}},
	Date-Added = {2010-10-21 12:30:12 +0200},
	Date-Modified = {2010-10-29 17:33:55 +0200},
	Title = {ARToolKit Home Page},
	Url = {http://www.hitl.washington.edu/artoolkit/},
	Urldate = {2010-10-29},
	Year = {2007},
	Bdsk-Url-1 = {http://www.hitl.washington.edu/artoolkit/}}

@phdthesis{wagner07a,
	Author = {Wagner, Daniel},
	Date-Added = {2010-10-13 11:26:03 +0200},
	Date-Modified = {2010-10-14 13:57:50 +0200},
	Keywords = {neu, artoolkitplus},
	School = {Graz University of Technology, Institute for Computer Graphicics and Vision},
	Title = {Handheld Augmented Reality},
	Year = {2007},
	Bdsk-File-1 = {YnBsaXN0MDDUAQIDBAUIJidUJHRvcFgkb2JqZWN0c1gkdmVyc2lvblkkYXJjaGl2ZXLRBgdUcm9vdIABqAkKFRYXGyIjVSRudWxs0wsMDQ4RFFpOUy5vYmplY3RzV05TLmtleXNWJGNsYXNzog8QgASABqISE4ACgAOAB1lhbGlhc0RhdGFccmVsYXRpdmVQYXRo0hgNGRpXTlMuZGF0YU8RAkIAAAAAAkIAAgAABlppZGFuZQAAAAAAAAAAAAAAAAAAAAAAAAAAAMcfNldIKwAAAE+ETh5IYW5kaGVsZCBBdWdtZW50ZWQgUmVhbGl0eS5wZGYAAAAAAAAAAAAAAAAAAAAAAAAAAAAAAAAAAAAAAAAAAAAARGHiyKpwHAAAAAAAAAAAAAIABAAACSAAAAAAAAAAAAAAAAAAAAANYXJ0b29sa2l0cGx1cwAAEAAIAADHHyhHAAAAEQAIAADIqlP8AAAAAQAgAE+ETgBPfpUAIVWoABvtCAAD/1kAA5M8AAOTLwAAkY4AAgB8WmlkYW5lOlVzZXJzOndpbmRhbGY6RG9jdW1lbnRzOlN0dWR5OkRpcGxvbWFyYmVpdDpSZXNlYXJjaCBQYXBlcnM6RXhwb3NlLU1hcmtlcjphcnRvb2xraXRwbHVzOkhhbmRoZWxkIEF1Z21lbnRlZCBSZWFsaXR5LnBkZgAOAD4AHgBIAGEAbgBkAGgAZQBsAGQAIABBAHUAZwBtAGUAbgB0AGUAZAAgAFIAZQBhAGwAaQB0AHkALgBwAGQAZgAPAA4ABgBaAGkAZABhAG4AZQASAHVVc2Vycy93aW5kYWxmL0RvY3VtZW50cy9TdHVkeS9EaXBsb21hcmJlaXQvUmVzZWFyY2ggUGFwZXJzL0V4cG9zZS1NYXJrZXIvYXJ0b29sa2l0cGx1cy9IYW5kaGVsZCBBdWdtZW50ZWQgUmVhbGl0eS5wZGYAABMAAS8AABUAAgAO//8AAIAF0hwdHh9YJGNsYXNzZXNaJGNsYXNzbmFtZaMfICFdTlNNdXRhYmxlRGF0YVZOU0RhdGFYTlNPYmplY3RfEFAuLi8uLi9SZXNlYXJjaCBQYXBlcnMvRXhwb3NlLU1hcmtlci9hcnRvb2xraXRwbHVzL0hhbmRoZWxkIEF1Z21lbnRlZCBSZWFsaXR5LnBkZtIcHSQloiUhXE5TRGljdGlvbmFyeRIAAYagXxAPTlNLZXllZEFyY2hpdmVyAAgAEQAWAB8AKAAyADUAOgA8AEUASwBSAF0AZQBsAG8AcQBzAHYAeAB6AHwAhgCTAJgAoALmAugC7QL2AwEDBQMTAxoDIwN2A3sDfgOLA5AAAAAAAAACAQAAAAAAAAAoAAAAAAAAAAAAAAAAAAADog==}}

@techreport{tantius08,
	Author = {Tantius, Richard},
	Date-Added = {2010-10-13 11:22:07 +0200},
	Date-Modified = {2010-10-13 11:25:35 +0200},
	Institution = {Rheinische Friedrich-Wilhelms-Universit{\"a}t Bonn},
	Keywords = {neu, artoolkitplus},
	Title = {Augmented Reality auf mobilen Endger{\"a}ten},
	Year = {2008},
	Bdsk-File-1 = {YnBsaXN0MDDUAQIDBAUIJidUJHRvcFgkb2JqZWN0c1gkdmVyc2lvblkkYXJjaGl2ZXLRBgdUcm9vdIABqAkKFRYXGyIjVSRudWxs0wsMDQ4RFFpOUy5vYmplY3RzV05TLmtleXNWJGNsYXNzog8QgASABqISE4ACgAOAB1lhbGlhc0RhdGFccmVsYXRpdmVQYXRo0hgNGRpXTlMuZGF0YU8RAnIAAAAAAnIAAgAABlppZGFuZQAAAAAAAAAAAAAAAAAAAAAAAAAAAMcfNldIKwAAAE+ETh9BdWdtZW50ZWQgUmVhbGl0eSBhdSMzNzQ5M0MucGRmAAAAAAAAAAAAAAAAAAAAAAAAAAAAAAAAAAAAAAAAAAAAN0k8yGpS6AAAAAAAAAAAAAIABAAACSAAAAAAAAAAAAAAAAAAAAANYXJ0b29sa2l0cGx1cwAAEAAIAADHHyhHAAAAEQAIAADIajbIAAAAAQAgAE+ETgBPfpUAIVWoABvtCAAD/1kAA5M8AAOTLwAAkY4AAgB9WmlkYW5lOlVzZXJzOndpbmRhbGY6RG9jdW1lbnRzOlN0dWR5OkRpcGxvbWFyYmVpdDpSZXNlYXJjaCBQYXBlcnM6RXhwb3NlLU1hcmtlcjphcnRvb2xraXRwbHVzOkF1Z21lbnRlZCBSZWFsaXR5IGF1IzM3NDkzQy5wZGYAAA4AXAAtAEEAdQBnAG0AZQBuAHQAZQBkACAAUgBlAGEAbABpAHQAeQAgAGEAdQBmACAAbQBvAGIAaQBsAGUAbgAgAEUAbgBkAGcAZQByAGEDCAB0AGUAbgAuAHAAZABmAA8ADgAGAFoAaQBkAGEAbgBlABIAhVVzZXJzL3dpbmRhbGYvRG9jdW1lbnRzL1N0dWR5L0RpcGxvbWFyYmVpdC9SZXNlYXJjaCBQYXBlcnMvRXhwb3NlLU1hcmtlci9hcnRvb2xraXRwbHVzL0F1Z21lbnRlZCBSZWFsaXR5IGF1ZiBtb2JpbGVuIEVuZGdlcmHMiHRlbi5wZGYAABMAAS8AABUAAgAO//8AAIAF0hwdHh9YJGNsYXNzZXNaJGNsYXNzbmFtZaMfICFdTlNNdXRhYmxlRGF0YVZOU0RhdGFYTlNPYmplY3RvEF8ALgAuAC8ALgAuAC8AUgBlAHMAZQBhAHIAYwBoACAAUABhAHAAZQByAHMALwBFAHgAcABvAHMAZQAtAE0AYQByAGsAZQByAC8AYQByAHQAbwBvAGwAawBpAHQAcABsAHUAcwAvAEEAdQBnAG0AZQBuAHQAZQBkACAAUgBlAGEAbABpAHQAeQAgAGEAdQBmACAAbQBvAGIAaQBsAGUAbgAgAEUAbgBkAGcAZQByAGEDCAB0AGUAbgAuAHAAZABm0hwdJCWiJSFcTlNEaWN0aW9uYXJ5EgABhqBfEA9OU0tleWVkQXJjaGl2ZXIACAARABYAHwAoADIANQA6ADwARQBLAFIAXQBlAGwAbwBxAHMAdgB4AHoAfACGAJMAmACgAxYDGAMdAyYDMQM1A0MDSgNTBBQEGQQcBCkELgAAAAAAAAIBAAAAAAAAACgAAAAAAAAAAAAAAAAAAARA}}

@article{faerber,
	Author = {F{\"a}rber, Markus},
	Date-Added = {2010-10-10 18:09:32 +0200},
	Date-Modified = {2010-10-13 11:18:25 +0200},
	Keywords = {neu, artoolkit},
	Title = {Augmented Reality: Markerbasiertes Tracking f{\"u}r Augmented Reality Applikationen},
	Bdsk-File-1 = {YnBsaXN0MDDUAQIDBAUIJidUJHRvcFgkb2JqZWN0c1gkdmVyc2lvblkkYXJjaGl2ZXLRBgdUcm9vdIABqAkKFRYXGyIjVSRudWxs0wsMDQ4RFFpOUy5vYmplY3RzV05TLmtleXNWJGNsYXNzog8QgASABqISE4ACgAOAB1lhbGlhc0RhdGFccmVsYXRpdmVQYXRo0hgNGRpXTlMuZGF0YU8RAqIAAAAAAqIAAgAABlppZGFuZQAAAAAAAAAAAAAAAAAAAAAAAAAAAMcfNldIKwAAAE9+lx9NYXJrZXJiYXNpZXJ0ZXMgVHJhYyMzNzQ5MzYucGRmAAAAAAAAAAAAAAAAAAAAAAAAAAAAAAAAAAAAAAAAAAAAN0k2yGpSXgAAAAAAAAAAAAIABAAACSAAAAAAAAAAAAAAAAAAAAAJYXJ0b29sa2l0AAAQAAgAAMcfKEcAAAARAAgAAMhqNj4AAAABACAAT36XAE9+lQAhVagAG+0IAAP/WQADkzwAA5MvAACRjgACAHlaaWRhbmU6VXNlcnM6d2luZGFsZjpEb2N1bWVudHM6U3R1ZHk6RGlwbG9tYXJiZWl0OlJlc2VhcmNoIFBhcGVyczpFeHBvc2UtTWFya2VyOmFydG9vbGtpdDpNYXJrZXJiYXNpZXJ0ZXMgVHJhYyMzNzQ5MzYucGRmAAAOAIQAQQBNAGEAcgBrAGUAcgBiAGEAcwBpAGUAcgB0AGUAcwAgAFQAcgBhAGMAawBpAG4AZwAgAGYAdQMIAHIAIABBAHUAZwBtAGUAbgB0AGUAZAAgAFIAZQBhAGwAaQB0AHkAIABBAHAAcABsAGkAawBhAHQAaQBvAG4AZQBuAC4AcABkAGYADwAOAAYAWgBpAGQAYQBuAGUAEgCVVXNlcnMvd2luZGFsZi9Eb2N1bWVudHMvU3R1ZHkvRGlwbG9tYXJiZWl0L1Jlc2VhcmNoIFBhcGVycy9FeHBvc2UtTWFya2VyL2FydG9vbGtpdC9NYXJrZXJiYXNpZXJ0ZXMgVHJhY2tpbmcgZnXMiHIgQXVnbWVudGVkIFJlYWxpdHkgQXBwbGlrYXRpb25lbi5wZGYAABMAAS8AABUAAgAO//8AAIAF0hwdHh9YJGNsYXNzZXNaJGNsYXNzbmFtZaMfICFdTlNNdXRhYmxlRGF0YVZOU0RhdGFYTlNPYmplY3RvEG8ALgAuAC8ALgAuAC8AUgBlAHMAZQBhAHIAYwBoACAAUABhAHAAZQByAHMALwBFAHgAcABvAHMAZQAtAE0AYQByAGsAZQByAC8AYQByAHQAbwBvAGwAawBpAHQALwBNAGEAcgBrAGUAcgBiAGEAcwBpAGUAcgB0AGUAcwAgAFQAcgBhAGMAawBpAG4AZwAgAGYAdQMIAHIAIABBAHUAZwBtAGUAbgB0AGUAZAAgAFIAZQBhAGwAaQB0AHkAIABBAHAAcABsAGkAawBhAHQAaQBvAG4AZQBuAC4AcABkAGbSHB0kJaIlIVxOU0RpY3Rpb25hcnkSAAGGoF8QD05TS2V5ZWRBcmNoaXZlcgAIABEAFgAfACgAMgA1ADoAPABFAEsAUgBdAGUAbABvAHEAcwB2AHgAegB8AIYAkwCYAKADRgNIA00DVgNhA2UDcwN6A4MEZARpBGwEeQR+AAAAAAAAAgEAAAAAAAAAKAAAAAAAAAAAAAAAAAAABJA=}}

@inproceedings{kato99,
	Address = {o.O.},
	Author = {Kato, Hirokazu and Billinghurst, Marc},
	Booktitle = {(IWAR '99) Proceedings. 2nd IEEE and ACM International Workshop on Augmented Reality},
	Date-Added = {2010-10-10 18:05:47 +0200},
	Date-Modified = {2010-10-13 11:30:13 +0200},
	Keywords = {neu, artoolkit, fiducial marker tracking},
	Pages = {85},
	Publisher = {{IEEE Computer Society}},
	Title = {Marker Tracking and HMD Calibration for a Video-based Augmented Reality Conferencing System},
	Year = {1999},
	Bdsk-File-1 = {YnBsaXN0MDDUAQIDBAUIJidUJHRvcFgkb2JqZWN0c1gkdmVyc2lvblkkYXJjaGl2ZXLRBgdUcm9vdIABqAkKFRYXGyIjVSRudWxs0wsMDQ4RFFpOUy5vYmplY3RzV05TLmtleXNWJGNsYXNzog8QgASABqISE4ACgAOAB1lhbGlhc0RhdGFccmVsYXRpdmVQYXRo0hgNGRpXTlMuZGF0YU8RAvoAAAAAAvoAAgAABlppZGFuZQAAAAAAAAAAAAAAAAAAAAAAAAAAAMcfNldIKwAAAE9+lx9NYXJrZXIgVHJhY2tpbmcgYW5kICMzMUFGRTUucGRmAAAAAAAAAAAAAAAAAAAAAAAAAAAAAAAAAAAAAAAAAAAAMa/lyD2DqgAAAAAAAAAAAAIABAAACSAAAAAAAAAAAAAAAAAAAAAJYXJ0b29sa2l0AAAQAAgAAMcfKEcAAAARAAgAAMg9Z4oAAAABACAAT36XAE9+lQAhVagAG+0IAAP/WQADkzwAA5MvAACRjgACAHlaaWRhbmU6VXNlcnM6d2luZGFsZjpEb2N1bWVudHM6U3R1ZHk6RGlwbG9tYXJiZWl0OlJlc2VhcmNoIFBhcGVyczpFeHBvc2UtTWFya2VyOmFydG9vbGtpdDpNYXJrZXIgVHJhY2tpbmcgYW5kICMzMUFGRTUucGRmAAAOAMAAXwBNAGEAcgBrAGUAcgAgAFQAcgBhAGMAawBpAG4AZwAgAGEAbgBkACAASABNAEQAIABDAGEAbABpAGIAcgBhAHQAaQBvAG4AIABmAG8AcgAgAGEAIABWAGkAZABlAG8ALQBiAGEAcwBlAGQAIABBAHUAZwBtAGUAbgB0AGUAZAAgAFIAZQBhAGwAaQB0AHkAIABDAG8AbgBmAGUAcgBlAG4AYwBpAG4AZwAgAFMAeQBzAHQAZQBtAC4AcABkAGYADwAOAAYAWgBpAGQAYQBuAGUAEgCyVXNlcnMvd2luZGFsZi9Eb2N1bWVudHMvU3R1ZHkvRGlwbG9tYXJiZWl0L1Jlc2VhcmNoIFBhcGVycy9FeHBvc2UtTWFya2VyL2FydG9vbGtpdC9NYXJrZXIgVHJhY2tpbmcgYW5kIEhNRCBDYWxpYnJhdGlvbiBmb3IgYSBWaWRlby1iYXNlZCBBdWdtZW50ZWQgUmVhbGl0eSBDb25mZXJlbmNpbmcgU3lzdGVtLnBkZgATAAEvAAAVAAIADv//AACABdIcHR4fWCRjbGFzc2VzWiRjbGFzc25hbWWjHyAhXU5TTXV0YWJsZURhdGFWTlNEYXRhWE5TT2JqZWN0XxCNLi4vLi4vUmVzZWFyY2ggUGFwZXJzL0V4cG9zZS1NYXJrZXIvYXJ0b29sa2l0L01hcmtlciBUcmFja2luZyBhbmQgSE1EIENhbGlicmF0aW9uIGZvciBhIFZpZGVvLWJhc2VkIEF1Z21lbnRlZCBSZWFsaXR5IENvbmZlcmVuY2luZyBTeXN0ZW0ucGRm0hwdJCWiJSFcTlNEaWN0aW9uYXJ5EgABhqBfEA9OU0tleWVkQXJjaGl2ZXIACAARABYAHwAoADIANQA6ADwARQBLAFIAXQBlAGwAbwBxAHMAdgB4AHoAfACGAJMAmACgA54DoAOlA64DuQO9A8sD0gPbBGsEcARzBIAEhQAAAAAAAAIBAAAAAAAAACgAAAAAAAAAAAAAAAAAAASX}}

@techreport{hirzer08,
	Author = {Hirzer, Martin},
	Date-Added = {2010-10-10 18:03:27 +0200},
	Date-Modified = {2010-10-13 11:28:36 +0200},
	Institution = {Inst. for Computer Graphics and Vision, Graz University of Technology},
	Keywords = {neu, artoolkit, eigenentwicklung},
	Title = {Marker Detection for Augmented Reality Applications},
	Year = {2008},
	Bdsk-File-1 = {YnBsaXN0MDDUAQIDBAUIJidUJHRvcFgkb2JqZWN0c1gkdmVyc2lvblkkYXJjaGl2ZXLRBgdUcm9vdIABqAkKFRYXGyIjVSRudWxs0wsMDQ4RFFpOUy5vYmplY3RzV05TLmtleXNWJGNsYXNzog8QgASABqISE4ACgAOAB1lhbGlhc0RhdGFccmVsYXRpdmVQYXRo0hgNGRpXTlMuZGF0YU8RAoIAAAAAAoIAAgAABlppZGFuZQAAAAAAAAAAAAAAAAAAAAAAAAAAAMcfNldIKwAAAE9+lx9NYXJrZXIgRGV0ZWN0aW9uIGZvciMzNzQ5NDMucGRmAAAAAAAAAAAAAAAAAAAAAAAAAAAAAAAAAAAAAAAAAAAAN0lDyGob3AAAAAAAAAAAAAIABAAACSAAAAAAAAAAAAAAAAAAAAAJYXJ0b29sa2l0AAAQAAgAAMcfKEcAAAARAAgAAMhp/7wAAAABACAAT36XAE9+lQAhVagAG+0IAAP/WQADkzwAA5MvAACRjgACAHlaaWRhbmU6VXNlcnM6d2luZGFsZjpEb2N1bWVudHM6U3R1ZHk6RGlwbG9tYXJiZWl0OlJlc2VhcmNoIFBhcGVyczpFeHBvc2UtTWFya2VyOmFydG9vbGtpdDpNYXJrZXIgRGV0ZWN0aW9uIGZvciMzNzQ5NDMucGRmAAAOAHAANwBNAGEAcgBrAGUAcgAgAEQAZQB0AGUAYwB0AGkAbwBuACAAZgBvAHIAIABBAHUAZwBtAGUAbgB0AGUAZAAgAFIAZQBhAGwAaQB0AHkAIABBAHAAcABsAGkAYwBhAHQAaQBvAG4AcwAuAHAAZABmAA8ADgAGAFoAaQBkAGEAbgBlABIAilVzZXJzL3dpbmRhbGYvRG9jdW1lbnRzL1N0dWR5L0RpcGxvbWFyYmVpdC9SZXNlYXJjaCBQYXBlcnMvRXhwb3NlLU1hcmtlci9hcnRvb2xraXQvTWFya2VyIERldGVjdGlvbiBmb3IgQXVnbWVudGVkIFJlYWxpdHkgQXBwbGljYXRpb25zLnBkZgATAAEvAAAVAAIADv//AACABdIcHR4fWCRjbGFzc2VzWiRjbGFzc25hbWWjHyAhXU5TTXV0YWJsZURhdGFWTlNEYXRhWE5TT2JqZWN0XxBlLi4vLi4vUmVzZWFyY2ggUGFwZXJzL0V4cG9zZS1NYXJrZXIvYXJ0b29sa2l0L01hcmtlciBEZXRlY3Rpb24gZm9yIEF1Z21lbnRlZCBSZWFsaXR5IEFwcGxpY2F0aW9ucy5wZGbSHB0kJaIlIVxOU0RpY3Rpb25hcnkSAAGGoF8QD05TS2V5ZWRBcmNoaXZlcgAIABEAFgAfACgAMgA1ADoAPABFAEsAUgBdAGUAbABvAHEAcwB2AHgAegB8AIYAkwCYAKADJgMoAy0DNgNBA0UDUwNaA2MDywPQA9MD4APlAAAAAAAAAgEAAAAAAAAAKAAAAAAAAAAAAAAAAAAAA/c=}}

@manual{artoolkitdoku,
	Author = {Kato, Hirokazu and Billinghurst, Marc and Poupyerv, Ivan},
	Date-Added = {2010-10-10 18:01:03 +0200},
	Date-Modified = {2010-10-13 11:18:31 +0200},
	Keywords = {neu, artoolkit},
	Title = {ARToolKit Version 2.33},
	Year = {2000},
	Bdsk-File-1 = {YnBsaXN0MDDUAQIDBAUIJidUJHRvcFgkb2JqZWN0c1gkdmVyc2lvblkkYXJjaGl2ZXLRBgdUcm9vdIABqAkKFRYXGyIjVSRudWxs0wsMDQ4RFFpOUy5vYmplY3RzV05TLmtleXNWJGNsYXNzog8QgASABqISE4ACgAOAB1lhbGlhc0RhdGFccmVsYXRpdmVQYXRo0hgNGRpXTlMuZGF0YU8RAg4AAAAAAg4AAgAABlppZGFuZQAAAAAAAAAAAAAAAAAAAAAAAAAAAMcfNldIKwAAAE9+lxRBUlRvb2xLaXQyLjMzZG9jLnBkZgAAAAAAAAAAAAAAAAAAAAAAAAAAAAAAAAAAAAAAAAAAAAAAAAAAAAAAAAAAT4KPyNIXNgAAAAAAAAAAAAIABAAACSAAAAAAAAAAAAAAAAAAAAAJYXJ0b29sa2l0AAAQAAgAAMcfKEcAAAARAAgAAMjR+xYAAAABACAAT36XAE9+lQAhVagAG+0IAAP/WQADkzwAA5MvAACRjgACAG5aaWRhbmU6VXNlcnM6d2luZGFsZjpEb2N1bWVudHM6U3R1ZHk6RGlwbG9tYXJiZWl0OlJlc2VhcmNoIFBhcGVyczpFeHBvc2UtTWFya2VyOmFydG9vbGtpdDpBUlRvb2xLaXQyLjMzZG9jLnBkZgAOACoAFABBAFIAVABvAG8AbABLAGkAdAAyAC4AMwAzAGQAbwBjAC4AcABkAGYADwAOAAYAWgBpAGQAYQBuAGUAEgBnVXNlcnMvd2luZGFsZi9Eb2N1bWVudHMvU3R1ZHkvRGlwbG9tYXJiZWl0L1Jlc2VhcmNoIFBhcGVycy9FeHBvc2UtTWFya2VyL2FydG9vbGtpdC9BUlRvb2xLaXQyLjMzZG9jLnBkZgAAEwABLwAAFQACAA7//wAAgAXSHB0eH1gkY2xhc3Nlc1okY2xhc3NuYW1lox8gIV1OU011dGFibGVEYXRhVk5TRGF0YVhOU09iamVjdF8QQi4uLy4uL1Jlc2VhcmNoIFBhcGVycy9FeHBvc2UtTWFya2VyL2FydG9vbGtpdC9BUlRvb2xLaXQyLjMzZG9jLnBkZtIcHSQloiUhXE5TRGljdGlvbmFyeRIAAYagXxAPTlNLZXllZEFyY2hpdmVyAAgAEQAWAB8AKAAyADUAOgA8AEUASwBSAF0AZQBsAG8AcQBzAHYAeAB6AHwAhgCTAJgAoAKyArQCuQLCAs0C0QLfAuYC7wM0AzkDPANJA04AAAAAAAACAQAAAAAAAAAoAAAAAAAAAAAAAAAAAAADYA==}}

@inproceedings{wagner04,
	Address = {o.O.},
	Author = {Wagner, Daniel and Schmalstieg, Dieter},
	Booktitle = {Augmented Reality Toolkit Workshop, 2003. IEEE International},
	Date-Added = {2010-10-10 17:55:10 +0200},
	Date-Modified = {2010-10-13 11:18:36 +0200},
	Keywords = {neu, artoolkit},
	Pages = {14--15},
	Publisher = {{IEEE Computer Society}},
	Title = {ARToolkit on the PocketPC Platform},
	Year = {2004},
	Bdsk-File-1 = {YnBsaXN0MDDUAQIDBAUIJidUJHRvcFgkb2JqZWN0c1gkdmVyc2lvblkkYXJjaGl2ZXLRBgdUcm9vdIABqAkKFRYXGyIjVSRudWxs0wsMDQ4RFFpOUy5vYmplY3RzV05TLmtleXNWJGNsYXNzog8QgASABqISE4ACgAOAB1lhbGlhc0RhdGFccmVsYXRpdmVQYXRo0hgNGRpXTlMuZGF0YU8RAlAAAAAAAlAAAgAABlppZGFuZQAAAAAAAAAAAAAAAAAAAAAAAAAAAMcfNldIKwAAAE9+lx9BUlRvb2xLaXQgb24gdGhlIFBvYyM0RjdFMjAucGRmAAAAAAAAAAAAAAAAAAAAAAAAAAAAAAAAAAAAAAAAAAAAT34gu6b+wQAAAAAAAAAAAAIABAAACSAAAAAAAAAAAAAAAAAAAAAJYXJ0b29sa2l0AAAQAAgAAMcfKEcAAAARAAgAALum4qEAAAABACAAT36XAE9+lQAhVagAG+0IAAP/WQADkzwAA5MvAACRjgACAHlaaWRhbmU6VXNlcnM6d2luZGFsZjpEb2N1bWVudHM6U3R1ZHk6RGlwbG9tYXJiZWl0OlJlc2VhcmNoIFBhcGVyczpFeHBvc2UtTWFya2VyOmFydG9vbGtpdDpBUlRvb2xLaXQgb24gdGhlIFBvYyM0RjdFMjAucGRmAAAOAE4AJgBBAFIAVABvAG8AbABLAGkAdAAgAG8AbgAgAHQAaABlACAAUABvAGMAawBlAHQAUABDACAAUABsAGEAdABmAG8AcgBtAC4AcABkAGYADwAOAAYAWgBpAGQAYQBuAGUAEgB5VXNlcnMvd2luZGFsZi9Eb2N1bWVudHMvU3R1ZHkvRGlwbG9tYXJiZWl0L1Jlc2VhcmNoIFBhcGVycy9FeHBvc2UtTWFya2VyL2FydG9vbGtpdC9BUlRvb2xLaXQgb24gdGhlIFBvY2tldFBDIFBsYXRmb3JtLnBkZgAAEwABLwAAFQACAA7//wAAgAXSHB0eH1gkY2xhc3Nlc1okY2xhc3NuYW1lox8gIV1OU011dGFibGVEYXRhVk5TRGF0YVhOU09iamVjdF8QVC4uLy4uL1Jlc2VhcmNoIFBhcGVycy9FeHBvc2UtTWFya2VyL2FydG9vbGtpdC9BUlRvb2xLaXQgb24gdGhlIFBvY2tldFBDIFBsYXRmb3JtLnBkZtIcHSQloiUhXE5TRGljdGlvbmFyeRIAAYagXxAPTlNLZXllZEFyY2hpdmVyAAgAEQAWAB8AKAAyADUAOgA8AEUASwBSAF0AZQBsAG8AcQBzAHYAeAB6AHwAhgCTAJgAoAL0AvYC+wMEAw8DEwMhAygDMQOIA40DkAOdA6IAAAAAAAACAQAAAAAAAAAoAAAAAAAAAAAAAAAAAAADtA==}}

@inproceedings{clarke96,
	Address = {Edinburgh, Schottland},
	Author = {Clarke, J. and Carlsson, S. and Zisserman, A.},
	Booktitle = {Proceedings of the 7th BMVC Conference},
	Date-Added = {2010-09-08 15:29:32 +0200},
	Date-Modified = {2010-10-13 11:29:04 +0200},
	Keywords = {neu, eigenentwicklung},
	Pages = {415--424},
	Rating = {5},
	Title = {Detecting and tracking linear features efficiently},
	Year = {1996},
	Bdsk-File-1 = {YnBsaXN0MDDUAQIDBAUIJidUJHRvcFgkb2JqZWN0c1gkdmVyc2lvblkkYXJjaGl2ZXLRBgdUcm9vdIABqAkKFRYXGyIjVSRudWxs0wsMDQ4RFFpOUy5vYmplY3RzV05TLmtleXNWJGNsYXNzog8QgASABqISE4ACgAOAB1lhbGlhc0RhdGFccmVsYXRpdmVQYXRo0hgNGRpXTlMuZGF0YU8RApIAAAAAApIAAgAABlppZGFuZQAAAAAAAAAAAAAAAAAAAAAAAAAAAMcfNldIKwAAAE+K5R9EZXRlY3RpbmcgYW5kIHRyYWNraSM0NTBFNzgucGRmAAAAAAAAAAAAAAAAAAAAAAAAAAAAAAAAAAAAAAAAAAAARQ54yK1b3gAAAAAAAAAAAAIABAAACSAAAAAAAAAAAAAAAAAAAAAQZWlnZW5lbnR3aWNrbHVuZwAQAAgAAMcfKEcAAAARAAgAAMitP74AAAABACAAT4rlAE9+lQAhVagAG+0IAAP/WQADkzwAA5MvAACRjgACAIBaaWRhbmU6VXNlcnM6d2luZGFsZjpEb2N1bWVudHM6U3R1ZHk6RGlwbG9tYXJiZWl0OlJlc2VhcmNoIFBhcGVyczpFeHBvc2UtTWFya2VyOmVpZ2VuZW50d2lja2x1bmc6RGV0ZWN0aW5nIGFuZCB0cmFja2kjNDUwRTc4LnBkZgAOAG4ANgBEAGUAdABlAGMAdABpAG4AZwAgAGEAbgBkACAAdAByAGEAYwBrAGkAbgBnACAAbABpAG4AZQBhAHIAIABmAGUAYQB0AHUAcgBlAHMAIABlAGYAZgBpAGMAaQBlAG4AdABsAHkALgBwAGQAZgAPAA4ABgBaAGkAZABhAG4AZQASAJBVc2Vycy93aW5kYWxmL0RvY3VtZW50cy9TdHVkeS9EaXBsb21hcmJlaXQvUmVzZWFyY2ggUGFwZXJzL0V4cG9zZS1NYXJrZXIvZWlnZW5lbnR3aWNrbHVuZy9EZXRlY3RpbmcgYW5kIHRyYWNraW5nIGxpbmVhciBmZWF0dXJlcyBlZmZpY2llbnRseS5wZGYAEwABLwAAFQACAA7//wAAgAXSHB0eH1gkY2xhc3Nlc1okY2xhc3NuYW1lox8gIV1OU011dGFibGVEYXRhVk5TRGF0YVhOU09iamVjdF8Qay4uLy4uL1Jlc2VhcmNoIFBhcGVycy9FeHBvc2UtTWFya2VyL2VpZ2VuZW50d2lja2x1bmcvRGV0ZWN0aW5nIGFuZCB0cmFja2luZyBsaW5lYXIgZmVhdHVyZXMgZWZmaWNpZW50bHkucGRm0hwdJCWiJSFcTlNEaWN0aW9uYXJ5EgABhqBfEA9OU0tleWVkQXJjaGl2ZXIACAARABYAHwAoADIANQA6ADwARQBLAFIAXQBlAGwAbwBxAHMAdgB4AHoAfACGAJMAmACgAzYDOAM9A0YDUQNVA2MDagNzA+ED5gPpA/YD+wAAAAAAAAIBAAAAAAAAACgAAAAAAAAAAAAAAAAAAAQN}}

@inproceedings{nakazato06,
	Address = {Berlin},
	Author = {Nakazato, Yusuke and Kanbara, Masayuki and Yokoya, Naokazu},
	Booktitle = {Advances in Artificial Reality and Tele-Existence},
	Date-Added = {2010-09-03 19:20:40 +0200},
	Date-Modified = {2010-10-13 18:54:04 +0200},
	Keywords = {fiducial marker tracking, edge, Canny, Otsu},
	Pages = {228--238},
	Rating = {3},
	Read = {1},
	Series = {Lecture Notes in Computer Science},
	Title = {An Initialization Tool for Installing Visual Makers in Wearable Augmented Reality},
	Volume = {4282},
	Year = {2006}}

@book{umbaugh99,
	Address = {London, UK},
	Author = {Umbaugh, Scott E.},
	Date-Added = {2010-08-29 17:58:13 +0200},
	Date-Modified = {2010-10-13 11:31:20 +0200},
	Keywords = {neu, bildeverarbeitung},
	Publisher = {{Prentice-Hall International}},
	Title = {Computer Vision and Image Processing: A practical approach using CVIPtools},
	Year = {1999}}

@book{burger05,
	Address = {Berlin},
	Author = {Burger, Wilhelm and Burge, Mark James},
	Date-Added = {2010-08-29 17:55:34 +0200},
	Date-Modified = {2010-10-13 11:31:16 +0200},
	Keywords = {neu, bildeverarbeitung},
	Publisher = {{Springer Berlin/Heidelberg}},
	Title = {Digitale Bildverarbeitung},
	Year = {2005}}

@book{hartley10,
	Address = {Cambridge, UK},
	Author = {Hartley, Richard and Zisserman, Andrew},
	Date-Added = {2010-08-29 17:51:36 +0200},
	Date-Modified = {2010-10-13 11:31:12 +0200},
	Edition = {2},
	Keywords = {neu, bildeverarbeitung},
	Publisher = {{Cambridge University Press}},
	Title = {Multiple View Geometry in Computer Vision},
	Year = {2010}}

@inproceedings{zhang02,
	Address = {Washington, DC, USA},
	Author = {Zhang, Xiang and Fronz, Stephan and Navab, Nassir},
	Booktitle = {ISMAR '02: Proceedings of the 1st International Symposium on Mixed and Augmented Reality},
	Date-Added = {2010-08-26 16:01:32 +0200},
	Date-Modified = {2010-10-14 14:00:50 +0200},
	Keywords = {neu, artoolkit},
	Pages = {97--106},
	Publisher = {{IEEE Computer Society}},
	Title = {Visual Marker Detection and Decoding in AR Systems: A Comparative Study},
	Year = {2002},
	Bdsk-File-1 = {YnBsaXN0MDDUAQIDBAUIJidUJHRvcFgkb2JqZWN0c1gkdmVyc2lvblkkYXJjaGl2ZXLRBgdUcm9vdIABqAkKFRYXGyIjVSRudWxs0wsMDQ4RFFpOUy5vYmplY3RzV05TLmtleXNWJGNsYXNzog8QgASABqISE4ACgAOAB1lhbGlhc0RhdGFccmVsYXRpdmVQYXRo0hgNGRpXTlMuZGF0YU8RAsIAAAAAAsIAAgAABlppZGFuZQAAAAAAAAAAAAAAAAAAAAAAAAAAAMcfNldIKwAAAE9+lx9WaXN1YWwgTWFya2VyIERldGVjdCMzN0NDMzMucGRmAAAAAAAAAAAAAAAAAAAAAAAAAAAAAAAAAAAAAAAAAAAAN8wzyHuA8QAAAAAAAAAAAAIABAAACSAAAAAAAAAAAAAAAAAAAAAJYXJ0b29sa2l0AAAQAAgAAMcfKEcAAAARAAgAAMh7ZNEAAAABACAAT36XAE9+lQAhVagAG+0IAAP/WQADkzwAA5MvAACRjgACAHlaaWRhbmU6VXNlcnM6d2luZGFsZjpEb2N1bWVudHM6U3R1ZHk6RGlwbG9tYXJiZWl0OlJlc2VhcmNoIFBhcGVyczpFeHBvc2UtTWFya2VyOmFydG9vbGtpdDpWaXN1YWwgTWFya2VyIERldGVjdCMzN0NDMzMucGRmAAAOAJoATABWAGkAcwB1AGEAbAAgAE0AYQByAGsAZQByACAARABlAHQAZQBjAHQAaQBvAG4AIABhAG4AZAAgAEQAZQBjAG8AZABpAG4AZwAgAGkAbgAgAEEAUgAgAFMAeQBzAHQAZQBtAHMAIAAtACAAQQAgAEMAbwBtAHAAYQByAGEAdABpAHYAZQAgAFMAdAB1AGQAeQAuAHAAZABmAA8ADgAGAFoAaQBkAGEAbgBlABIAn1VzZXJzL3dpbmRhbGYvRG9jdW1lbnRzL1N0dWR5L0RpcGxvbWFyYmVpdC9SZXNlYXJjaCBQYXBlcnMvRXhwb3NlLU1hcmtlci9hcnRvb2xraXQvVmlzdWFsIE1hcmtlciBEZXRlY3Rpb24gYW5kIERlY29kaW5nIGluIEFSIFN5c3RlbXMgLSBBIENvbXBhcmF0aXZlIFN0dWR5LnBkZgAAEwABLwAAFQACAA7//wAAgAXSHB0eH1gkY2xhc3Nlc1okY2xhc3NuYW1lox8gIV1OU011dGFibGVEYXRhVk5TRGF0YVhOU09iamVjdF8Qei4uLy4uL1Jlc2VhcmNoIFBhcGVycy9FeHBvc2UtTWFya2VyL2FydG9vbGtpdC9WaXN1YWwgTWFya2VyIERldGVjdGlvbiBhbmQgRGVjb2RpbmcgaW4gQVIgU3lzdGVtcyAtIEEgQ29tcGFyYXRpdmUgU3R1ZHkucGRm0hwdJCWiJSFcTlNEaWN0aW9uYXJ5EgABhqBfEA9OU0tleWVkQXJjaGl2ZXIACAARABYAHwAoADIANQA6ADwARQBLAFIAXQBlAGwAbwBxAHMAdgB4AHoAfACGAJMAmACgA2YDaANtA3YDgQOFA5MDmgOjBCAEJQQoBDUEOgAAAAAAAAIBAAAAAAAAACgAAAAAAAAAAAAAAAAAAARM}}

@inproceedings{rohs2005real,
	Address = {o.O.},
	Author = {Rohs, Michael},
	Booktitle = {2nd International Symposium on Ubiquitous Computing Systems (UCS 2004)},
	Date-Added = {2010-08-26 15:54:44 +0200},
	Date-Modified = {2010-10-13 18:53:49 +0200},
	Keywords = {neu, mobile, fiducial marker tracking},
	Pages = {74--89},
	Publisher = {{Springer Berlin / Heidelberg}},
	Title = {Real-World Interaction with Camera-Phones},
	Year = {2004},
	Bdsk-File-1 = {YnBsaXN0MDDUAQIDBAUIJidUJHRvcFgkb2JqZWN0c1gkdmVyc2lvblkkYXJjaGl2ZXLRBgdUcm9vdIABqAkKFRYXGyIjVSRudWxs0wsMDQ4RFFpOUy5vYmplY3RzV05TLmtleXNWJGNsYXNzog8QgASABqISE4ACgAOAB1lhbGlhc0RhdGFccmVsYXRpdmVQYXRo0hgNGRpXTlMuZGF0YU8RAkYAAAAAAkYAAgAABlppZGFuZQAAAAAAAAAAAAAAAAAAAAAAAAAAAMcfNldIKwAAAE9+/x9SZWFsLVdvcmxkIEludGVyYWN0aSMzN0NCMkUucGRmAAAAAAAAAAAAAAAAAAAAAAAAAAAAAAAAAAAAAAAAAAAAN8suyHt/sgAAAAAAAAAAAAIAAwAACSAAAAAAAAAAAAAAAAAAAAAKUGFwZXJzLW5ldwAQAAgAAMcfKEcAAAARAAgAAMh7Y5IAAAABABwAT37/ACFVqAAb7QgAA/9ZAAOTPAADky8AAJGOAAIAbFppZGFuZTpVc2Vyczp3aW5kYWxmOkRvY3VtZW50czpTdHVkeTpEaXBsb21hcmJlaXQ6UmVzZWFyY2ggUGFwZXJzOlBhcGVycy1uZXc6UmVhbC1Xb3JsZCBJbnRlcmFjdGkjMzdDQjJFLnBkZgAOAFwALQBSAGUAYQBsAC0AVwBvAHIAbABkACAASQBuAHQAZQByAGEAYwB0AGkAbwBuACAAdwBpAHQAaAAgAEMAYQBtAGUAcgBhAC0AUABoAG8AbgBlAHMALgBwAGQAZgAPAA4ABgBaAGkAZABhAG4AZQASAHNVc2Vycy93aW5kYWxmL0RvY3VtZW50cy9TdHVkeS9EaXBsb21hcmJlaXQvUmVzZWFyY2ggUGFwZXJzL1BhcGVycy1uZXcvUmVhbC1Xb3JsZCBJbnRlcmFjdGlvbiB3aXRoIENhbWVyYS1QaG9uZXMucGRmAAATAAEvAAAVAAIADv//AACABdIcHR4fWCRjbGFzc2VzWiRjbGFzc25hbWWjHyAhXU5TTXV0YWJsZURhdGFWTlNEYXRhWE5TT2JqZWN0XxBOLi4vLi4vUmVzZWFyY2ggUGFwZXJzL1BhcGVycy1uZXcvUmVhbC1Xb3JsZCBJbnRlcmFjdGlvbiB3aXRoIENhbWVyYS1QaG9uZXMucGRm0hwdJCWiJSFcTlNEaWN0aW9uYXJ5EgABhqBfEA9OU0tleWVkQXJjaGl2ZXIACAARABYAHwAoADIANQA6ADwARQBLAFIAXQBlAGwAbwBxAHMAdgB4AHoAfACGAJMAmACgAuoC7ALxAvoDBQMJAxcDHgMnA3gDfQOAA40DkgAAAAAAAAIBAAAAAAAAACgAAAAAAAAAAAAAAAAAAAOk}}

@inproceedings{rekimoto1998matrix,
	Address = {Washington, DC, USA},
	Author = {Rekimoto, Jun},
	Booktitle = {Computer Human Interaction, 1998. Proceedings. 3rd Asia Pacific},
	Date-Added = {2010-08-26 15:16:31 +0200},
	Date-Modified = {2010-10-13 18:53:27 +0200},
	Keywords = {neu, fiducial marker tracking},
	Pages = {63--68},
	Publisher = {{IEEE Computer Society}},
	Title = {Matrix: A Realtime Object Identification and Registration Method for Augmented Reality},
	Year = {1998},
	Bdsk-File-1 = {YnBsaXN0MDDUAQIDBAUIJidUJHRvcFgkb2JqZWN0c1gkdmVyc2lvblkkYXJjaGl2ZXLRBgdUcm9vdIABqAkKFRYXGyIjVSRudWxs0wsMDQ4RFFpOUy5vYmplY3RzV05TLmtleXNWJGNsYXNzog8QgASABqISE4ACgAOAB1lhbGlhc0RhdGFccmVsYXRpdmVQYXRo0hgNGRpXTlMuZGF0YU8RAtAAAAAAAtAAAgAABlppZGFuZQAAAAAAAAAAAAAAAAAAAAAAAAAAAMcfNldIKwAAAE9+/x9NYXRyaXggLSBBIFJlYWx0aW1lICMzQzkxMEQucGRmAAAAAAAAAAAAAAAAAAAAAAAAAAAAAAAAAAAAAAAAAAAAPJENyIHoEAAAAAAAAAAAAAIAAwAACSAAAAAAAAAAAAAAAAAAAAAKUGFwZXJzLW5ldwAQAAgAAMcfKEcAAAARAAgAAMiBy/AAAAABABwAT37/ACFVqAAb7QgAA/9ZAAOTPAADky8AAJGOAAIAbFppZGFuZTpVc2Vyczp3aW5kYWxmOkRvY3VtZW50czpTdHVkeTpEaXBsb21hcmJlaXQ6UmVzZWFyY2ggUGFwZXJzOlBhcGVycy1uZXc6TWF0cml4IC0gQSBSZWFsdGltZSAjM0M5MTBELnBkZgAOALgAWwBNAGEAdAByAGkAeAAgAC0AIABBACAAUgBlAGEAbAB0AGkAbQBlACAATwBiAGoAZQBjAHQAIABJAGQAZQBuAHQAaQBmAGkAYwBhAHQAaQBvAG4AIABhAG4AZAAgAFIAZQBnAGkAcwB0AHIAYQB0AGkAbwBuACAATQBlAHQAaABvAGQAIABmAG8AcgAgAEEAdQBnAG0AZQBuAHQAZQBkACAAUgBlAGEAbABpAHQAeQAuAHAAZABmAA8ADgAGAFoAaQBkAGEAbgBlABIAoVVzZXJzL3dpbmRhbGYvRG9jdW1lbnRzL1N0dWR5L0RpcGxvbWFyYmVpdC9SZXNlYXJjaCBQYXBlcnMvUGFwZXJzLW5ldy9NYXRyaXggLSBBIFJlYWx0aW1lIE9iamVjdCBJZGVudGlmaWNhdGlvbiBhbmQgUmVnaXN0cmF0aW9uIE1ldGhvZCBmb3IgQXVnbWVudGVkIFJlYWxpdHkucGRmAAATAAEvAAAVAAIADv//AACABdIcHR4fWCRjbGFzc2VzWiRjbGFzc25hbWWjHyAhXU5TTXV0YWJsZURhdGFWTlNEYXRhWE5TT2JqZWN0XxB8Li4vLi4vUmVzZWFyY2ggUGFwZXJzL1BhcGVycy1uZXcvTWF0cml4IC0gQSBSZWFsdGltZSBPYmplY3QgSWRlbnRpZmljYXRpb24gYW5kIFJlZ2lzdHJhdGlvbiBNZXRob2QgZm9yIEF1Z21lbnRlZCBSZWFsaXR5LnBkZtIcHSQloiUhXE5TRGljdGlvbmFyeRIAAYagXxAPTlNLZXllZEFyY2hpdmVyAAgAEQAWAB8AKAAyADUAOgA8AEUASwBSAF0AZQBsAG8AcQBzAHYAeAB6AHwAhgCTAJgAoAN0A3YDewOEA48DkwOhA6gDsQQwBDUEOARFBEoAAAAAAAACAQAAAAAAAAAoAAAAAAAAAAAAAAAAAAAEXA==}}

@inproceedings{shi1994good,
	Address = {o.O.},
	Author = {Shi, Jianbo and Tomasi, Carlo},
	Booktitle = {CVPR '94: 1994 IEEE Computer Society Conference on Computer Vision and Pattern Recognition: proceedings},
	Date-Added = {2010-08-26 12:45:15 +0200},
	Date-Modified = {2010-10-13 11:30:37 +0200},
	Keywords = {neu, fiducial marker tracking, natural feature},
	Pages = {593--600},
	Publisher = {{IEEE Computer Society}},
	Title = {Good features to track},
	Year = {1994},
	Bdsk-File-1 = {YnBsaXN0MDDUAQIDBAUIJidUJHRvcFgkb2JqZWN0c1gkdmVyc2lvblkkYXJjaGl2ZXLRBgdUcm9vdIABqAkKFRYXGyIjVSRudWxs0wsMDQ4RFFpOUy5vYmplY3RzV05TLmtleXNWJGNsYXNzog8QgASABqISE4ACgAOAB1lhbGlhc0RhdGFccmVsYXRpdmVQYXRo0hgNGRpXTlMuZGF0YU8RAjQAAAAAAjQAAgAABlppZGFuZQAAAAAAAAAAAAAAAAAAAAAAAAAAAMcfNldIKwAAAE+MERpHb29kIEZlYXR1cmVzIHRvIFRyYWNrLnBkZgAAAAAAAAAAAAAAAAAAAAAAAAAAAAAAAAAAAAAAAAAAAAAAAAAAN0lJyGpEfgAAAAAAAAAAAAIABAAACSAAAAAAAAAAAAAAAAAAAAAOZmlkdWNpYWxtYXJrZXIAEAAIAADHHyhHAAAAEQAIAADIaiheAAAAAQAgAE+MEQBPfpUAIVWoABvtCAAD/1kAA5M8AAOTLwAAkY4AAgB5WmlkYW5lOlVzZXJzOndpbmRhbGY6RG9jdW1lbnRzOlN0dWR5OkRpcGxvbWFyYmVpdDpSZXNlYXJjaCBQYXBlcnM6RXhwb3NlLU1hcmtlcjpmaWR1Y2lhbG1hcmtlcjpHb29kIEZlYXR1cmVzIHRvIFRyYWNrLnBkZgAADgA2ABoARwBvAG8AZAAgAEYAZQBhAHQAdQByAGUAcwAgAHQAbwAgAFQAcgBhAGMAawAuAHAAZABmAA8ADgAGAFoAaQBkAGEAbgBlABIAclVzZXJzL3dpbmRhbGYvRG9jdW1lbnRzL1N0dWR5L0RpcGxvbWFyYmVpdC9SZXNlYXJjaCBQYXBlcnMvRXhwb3NlLU1hcmtlci9maWR1Y2lhbG1hcmtlci9Hb29kIEZlYXR1cmVzIHRvIFRyYWNrLnBkZgATAAEvAAAVAAIADv//AACABdIcHR4fWCRjbGFzc2VzWiRjbGFzc25hbWWjHyAhXU5TTXV0YWJsZURhdGFWTlNEYXRhWE5TT2JqZWN0XxBNLi4vLi4vUmVzZWFyY2ggUGFwZXJzL0V4cG9zZS1NYXJrZXIvZmlkdWNpYWxtYXJrZXIvR29vZCBGZWF0dXJlcyB0byBUcmFjay5wZGbSHB0kJaIlIVxOU0RpY3Rpb25hcnkSAAGGoF8QD05TS2V5ZWRBcmNoaXZlcgAIABEAFgAfACgAMgA1ADoAPABFAEsAUgBdAGUAbABvAHEAcwB2AHgAegB8AIYAkwCYAKAC2ALaAt8C6ALzAvcDBQMMAxUDZQNqA20DegN/AAAAAAAAAgEAAAAAAAAAKAAAAAAAAAAAAAAAAAAAA5E=}}

@article{fiala2004artaga,
	Author = {Fiala, M.},
	Date-Added = {2010-08-26 12:38:24 +0200},
	Date-Modified = {2010-10-13 11:29:54 +0200},
	Journal = {{NRC Canada, ERB-111}},
	Keywords = {neu, artoolkit, fiducial marker tracking},
	Title = {ARTag, an improved marker system based on artoolkit},
	Year = {2004},
	Bdsk-File-1 = {YnBsaXN0MDDUAQIDBAUIJidUJHRvcFgkb2JqZWN0c1gkdmVyc2lvblkkYXJjaGl2ZXLRBgdUcm9vdIABqAkKFRYXGyIjVSRudWxs0wsMDQ4RFFpOUy5vYmplY3RzV05TLmtleXNWJGNsYXNzog8QgASABqISE4ACgAOAB1lhbGlhc0RhdGFccmVsYXRpdmVQYXRo0hgNGRpXTlMuZGF0YU8RAoIAAAAAAoIAAgAABlppZGFuZQAAAAAAAAAAAAAAAAAAAAAAAAAAAMcfNldIKwAAAE9+lx9BUlRhZywgQW4gSW1wcm92ZWQgTSMzQzkwQzEucGRmAAAAAAAAAAAAAAAAAAAAAAAAAAAAAAAAAAAAAAAAAAAAPJDByIHmuAAAAAAAAAAAAAIABAAACSAAAAAAAAAAAAAAAAAAAAAJYXJ0b29sa2l0AAAQAAgAAMcfKEcAAAARAAgAAMiBypgAAAABACAAT36XAE9+lQAhVagAG+0IAAP/WQADkzwAA5MvAACRjgACAHlaaWRhbmU6VXNlcnM6d2luZGFsZjpEb2N1bWVudHM6U3R1ZHk6RGlwbG9tYXJiZWl0OlJlc2VhcmNoIFBhcGVyczpFeHBvc2UtTWFya2VyOmFydG9vbGtpdDpBUlRhZywgQW4gSW1wcm92ZWQgTSMzQzkwQzEucGRmAAAOAHAANwBBAFIAVABhAGcALAAgAEEAbgAgAEkAbQBwAHIAbwB2AGUAZAAgAE0AYQByAGsAZQByACAAUwB5AHMAdABlAG0AIABCAGEAcwBlAGQAIABvAG4AIABBAFIAVABvAG8AbABrAGkAdAAuAHAAZABmAA8ADgAGAFoAaQBkAGEAbgBlABIAilVzZXJzL3dpbmRhbGYvRG9jdW1lbnRzL1N0dWR5L0RpcGxvbWFyYmVpdC9SZXNlYXJjaCBQYXBlcnMvRXhwb3NlLU1hcmtlci9hcnRvb2xraXQvQVJUYWcsIEFuIEltcHJvdmVkIE1hcmtlciBTeXN0ZW0gQmFzZWQgb24gQVJUb29sa2l0LnBkZgATAAEvAAAVAAIADv//AACABdIcHR4fWCRjbGFzc2VzWiRjbGFzc25hbWWjHyAhXU5TTXV0YWJsZURhdGFWTlNEYXRhWE5TT2JqZWN0XxBlLi4vLi4vUmVzZWFyY2ggUGFwZXJzL0V4cG9zZS1NYXJrZXIvYXJ0b29sa2l0L0FSVGFnLCBBbiBJbXByb3ZlZCBNYXJrZXIgU3lzdGVtIEJhc2VkIG9uIEFSVG9vbGtpdC5wZGbSHB0kJaIlIVxOU0RpY3Rpb25hcnkSAAGGoF8QD05TS2V5ZWRBcmNoaXZlcgAIABEAFgAfACgAMgA1ADoAPABFAEsAUgBdAGUAbABvAHEAcwB2AHgAegB8AIYAkwCYAKADJgMoAy0DNgNBA0UDUwNaA2MDywPQA9MD4APlAAAAAAAAAgEAAAAAAAAAKAAAAAAAAAAAAAAAAAAAA/c=}}

@article{fiala2004artagb,
	Author = {Fiala, M.},
	Date-Added = {2010-08-26 12:35:25 +0200},
	Date-Modified = {2010-10-13 11:29:49 +0200},
	Journal = {{NRC Canada, ERB-1117}},
	Keywords = {neu, artoolkit, fiducial marker tracking},
	Rating = {1},
	Title = {ARTag Revision 1. A Fiducial Marker System Using Digital Techniques},
	Year = {2004},
	Bdsk-File-1 = {YnBsaXN0MDDUAQIDBAUIJidUJHRvcFgkb2JqZWN0c1gkdmVyc2lvblkkYXJjaGl2ZXLRBgdUcm9vdIABqAkKFRYXGyIjVSRudWxs0wsMDQ4RFFpOUy5vYmplY3RzV05TLmtleXNWJGNsYXNzog8QgASABqISE4ACgAOAB1lhbGlhc0RhdGFccmVsYXRpdmVQYXRo0hgNGRpXTlMuZGF0YU8RArIAAAAAArIAAgAABlppZGFuZQAAAAAAAAAAAAAAAAAAAAAAAAAAAMcfNldIKwAAAE9+lx9BUlRhZyBSZXZpc2lvbiAxLiBBICMzNzQ5NDUucGRmAAAAAAAAAAAAAAAAAAAAAAAAAAAAAAAAAAAAAAAAAAAAN0lFyGo9DAAAAAAAAAAAAAIABAAACSAAAAAAAAAAAAAAAAAAAAAJYXJ0b29sa2l0AAAQAAgAAMcfKEcAAAARAAgAAMhqIOwAAAABACAAT36XAE9+lQAhVagAG+0IAAP/WQADkzwAA5MvAACRjgACAHlaaWRhbmU6VXNlcnM6d2luZGFsZjpEb2N1bWVudHM6U3R1ZHk6RGlwbG9tYXJiZWl0OlJlc2VhcmNoIFBhcGVyczpFeHBvc2UtTWFya2VyOmFydG9vbGtpdDpBUlRhZyBSZXZpc2lvbiAxLiBBICMzNzQ5NDUucGRmAAAOAJAARwBBAFIAVABhAGcAIABSAGUAdgBpAHMAaQBvAG4AIAAxAC4AIABBACAARgBpAGQAdQBjAGkAYQBsACAATQBhAHIAawBlAHIAIABTAHkAcwB0AGUAbQAgAFUAcwBpAG4AZwAgAEQAaQBnAGkAdABhAGwAIABUAGUAYwBoAG4AaQBxAHUAZQBzAC4AcABkAGYADwAOAAYAWgBpAGQAYQBuAGUAEgCaVXNlcnMvd2luZGFsZi9Eb2N1bWVudHMvU3R1ZHkvRGlwbG9tYXJiZWl0L1Jlc2VhcmNoIFBhcGVycy9FeHBvc2UtTWFya2VyL2FydG9vbGtpdC9BUlRhZyBSZXZpc2lvbiAxLiBBIEZpZHVjaWFsIE1hcmtlciBTeXN0ZW0gVXNpbmcgRGlnaXRhbCBUZWNobmlxdWVzLnBkZgATAAEvAAAVAAIADv//AACABdIcHR4fWCRjbGFzc2VzWiRjbGFzc25hbWWjHyAhXU5TTXV0YWJsZURhdGFWTlNEYXRhWE5TT2JqZWN0XxB1Li4vLi4vUmVzZWFyY2ggUGFwZXJzL0V4cG9zZS1NYXJrZXIvYXJ0b29sa2l0L0FSVGFnIFJldmlzaW9uIDEuIEEgRmlkdWNpYWwgTWFya2VyIFN5c3RlbSBVc2luZyBEaWdpdGFsIFRlY2huaXF1ZXMucGRm0hwdJCWiJSFcTlNEaWN0aW9uYXJ5EgABhqBfEA9OU0tleWVkQXJjaGl2ZXIACAARABYAHwAoADIANQA6ADwARQBLAFIAXQBlAGwAbwBxAHMAdgB4AHoAfACGAJMAmACgA1YDWANdA2YDcQN1A4MDigOTBAsEEAQTBCAEJQAAAAAAAAIBAAAAAAAAACgAAAAAAAAAAAAAAAAAAAQ3}}

@inproceedings{Schmalstieg:2008il,
	Address = {Washington, DC, USA},
	Author = {Schmalstieg, Dieter and Wagner, Daniel},
	Booktitle = {Proceedings of the IEEE VR 2008 Workshop on Software Engineering and Architectures for Realtime Interactive Systems},
	Date-Added = {2010-06-18 19:15:11 +0200},
	Date-Modified = {2010-10-13 18:52:43 +0200},
	Keywords = {neu, mobile},
	Pages = {43--44},
	Publisher = {{IEEE Computer Society}},
	Title = {Mobile Phones as a Platform for Augmented Reality},
	Year = {2008},
	Bdsk-File-1 = {YnBsaXN0MDDUAQIDBAUIJidUJHRvcFgkb2JqZWN0c1gkdmVyc2lvblkkYXJjaGl2ZXLRBgdUcm9vdIABqAkKFRYXGyIjVSRudWxs0wsMDQ4RFFpOUy5vYmplY3RzV05TLmtleXNWJGNsYXNzog8QgASABqISE4ACgAOAB1lhbGlhc0RhdGFccmVsYXRpdmVQYXRo0hgNGRpXTlMuZGF0YU8RAnIAAAAAAnIAAgAABlppZGFuZQAAAAAAAAAAAAAAAAAAAAAAAAAAAMcfNldIKwAAAE+OjR9Nb2JpbGUgUGhvbmVzIGFzIGEgUCMyQzI1NjYucGRmAAAAAAAAAAAAAAAAAAAAAAAAAAAAAAAAAAAAAAAAAAAALCVmyB2AyAAAAAAAAAAAAAIABAAACSAAAAAAAAAAAAAAAAAAAAAGbW9iaWxlABAACAAAxx8oRwAAABEACAAAyB1kqAAAAAEAIABPjo0AT36VACFVqAAb7QgAA/9ZAAOTPAADky8AAJGOAAIAdlppZGFuZTpVc2Vyczp3aW5kYWxmOkRvY3VtZW50czpTdHVkeTpEaXBsb21hcmJlaXQ6UmVzZWFyY2ggUGFwZXJzOkV4cG9zZS1NYXJrZXI6bW9iaWxlOk1vYmlsZSBQaG9uZXMgYXMgYSBQIzJDMjU2Ni5wZGYADgBsADUATQBvAGIAaQBsAGUAIABQAGgAbwBuAGUAcwAgAGEAcwAgAGEAIABQAGwAYQB0AGYAbwByAG0AIABmAG8AcgAgAEEAdQBnAG0AZQBuAHQAZQBkACAAUgBlAGEAbABpAHQAeQAuAHAAZABmAA8ADgAGAFoAaQBkAGEAbgBlABIAhVVzZXJzL3dpbmRhbGYvRG9jdW1lbnRzL1N0dWR5L0RpcGxvbWFyYmVpdC9SZXNlYXJjaCBQYXBlcnMvRXhwb3NlLU1hcmtlci9tb2JpbGUvTW9iaWxlIFBob25lcyBhcyBhIFBsYXRmb3JtIGZvciBBdWdtZW50ZWQgUmVhbGl0eS5wZGYAABMAAS8AABUAAgAO//8AAIAF0hwdHh9YJGNsYXNzZXNaJGNsYXNzbmFtZaMfICFdTlNNdXRhYmxlRGF0YVZOU0RhdGFYTlNPYmplY3RfEGAuLi8uLi9SZXNlYXJjaCBQYXBlcnMvRXhwb3NlLU1hcmtlci9tb2JpbGUvTW9iaWxlIFBob25lcyBhcyBhIFBsYXRmb3JtIGZvciBBdWdtZW50ZWQgUmVhbGl0eS5wZGbSHB0kJaIlIVxOU0RpY3Rpb25hcnkSAAGGoF8QD05TS2V5ZWRBcmNoaXZlcgAIABEAFgAfACgAMgA1ADoAPABFAEsAUgBdAGUAbABvAHEAcwB2AHgAegB8AIYAkwCYAKADFgMYAx0DJgMxAzUDQwNKA1MDtgO7A74DywPQAAAAAAAAAgEAAAAAAAAAKAAAAAAAAAAAAAAAAAAAA+I=}}

@article{wagner09b,
	Author = {Wagner, Daniel and Schmalstieg, Dieter},
	Date-Added = {2010-06-18 18:01:45 +0200},
	Date-Modified = {2010-10-13 18:50:12 +0200},
	Journal = {IEEE Computer Graphics and Applications},
	Keywords = {neu, mobile},
	Number = {4},
	Pages = {6--9},
	Rating = {5},
	Read = {1},
	Title = {Making Augmented Reality Practical on Mobile Phones, Part 2},
	Volume = {29},
	Year = {2009},
	Bdsk-File-1 = {YnBsaXN0MDDUAQIDBAUIJidUJHRvcFgkb2JqZWN0c1gkdmVyc2lvblkkYXJjaGl2ZXLRBgdUcm9vdIABqAkKFRYXGyIjVSRudWxs0wsMDQ4RFFpOUy5vYmplY3RzV05TLmtleXNWJGNsYXNzog8QgASABqISE4ACgAOAB1lhbGlhc0RhdGFccmVsYXRpdmVQYXRo0hgNGRpXTlMuZGF0YU8RArYAAAAAArYAAgAABlppZGFuZQAAAAAAAAAAAAAAAAAAAAAAAAAAAMcfNldIKwAAAE+OjR9Qcm9qZWN0c1ZSIC0gTWFraW5nICMyQzI2RjMucGRmAAAAAAAAAAAAAAAAAAAAAAAAAAAAAAAAAAAAAAAAAAAALCbzx8Q2ngAAAAAAAAAAAAIABAAACSAAAAAAAAAAAAAAAAAAAAAGbW9iaWxlABAACAAAxx8oRwAAABEACAAAx8QojgAAAAEAIABPjo0AT36VACFVqAAb7QgAA/9ZAAOTPAADky8AAJGOAAIAdlppZGFuZTpVc2Vyczp3aW5kYWxmOkRvY3VtZW50czpTdHVkeTpEaXBsb21hcmJlaXQ6UmVzZWFyY2ggUGFwZXJzOkV4cG9zZS1NYXJrZXI6bW9iaWxlOlByb2plY3RzVlIgLSBNYWtpbmcgIzJDMjZGMy5wZGYADgCaAEwAUAByAG8AagBlAGMAdABzAFYAUgAgAC0AIABNAGEAawBpAG4AZwAgAEEAdQBnAG0AZQBuAHQAZQBkACAAUgBlAGEAbABpAHQAeQAgAFAAcgBhAGMAdABpAGMAYQBsACAAbwBuACAATQBvAGIAaQBsAGUAIABQAGgAbwBuAGUAcwAtACAAUABhAHIAdAAgADIALgBwAGQAZgAPAA4ABgBaAGkAZABhAG4AZQASAJxVc2Vycy93aW5kYWxmL0RvY3VtZW50cy9TdHVkeS9EaXBsb21hcmJlaXQvUmVzZWFyY2ggUGFwZXJzL0V4cG9zZS1NYXJrZXIvbW9iaWxlL1Byb2plY3RzVlIgLSBNYWtpbmcgQXVnbWVudGVkIFJlYWxpdHkgUHJhY3RpY2FsIG9uIE1vYmlsZSBQaG9uZXMtIFBhcnQgMi5wZGYAEwABLwAAFQACAA7//wAAgAXSHB0eH1gkY2xhc3Nlc1okY2xhc3NuYW1lox8gIV1OU011dGFibGVEYXRhVk5TRGF0YVhOU09iamVjdF8Qdy4uLy4uL1Jlc2VhcmNoIFBhcGVycy9FeHBvc2UtTWFya2VyL21vYmlsZS9Qcm9qZWN0c1ZSIC0gTWFraW5nIEF1Z21lbnRlZCBSZWFsaXR5IFByYWN0aWNhbCBvbiBNb2JpbGUgUGhvbmVzLSBQYXJ0IDIucGRm0hwdJCWiJSFcTlNEaWN0aW9uYXJ5EgABhqBfEA9OU0tleWVkQXJjaGl2ZXIACAARABYAHwAoADIANQA6ADwARQBLAFIAXQBlAGwAbwBxAHMAdgB4AHoAfACGAJMAmACgA1oDXANhA2oDdQN5A4cDjgOXBBEEFgQZBCYEKwAAAAAAAAIBAAAAAAAAACgAAAAAAAAAAAAAAAAAAAQ9}}

@article{wagner09a,
	Author = {Wagner, Daniel and Schmalstieg, Dieter},
	Date-Added = {2010-06-18 17:57:29 +0200},
	Date-Modified = {2010-10-13 18:50:05 +0200},
	Journal = {IEEE Computer Graphics and Applications},
	Keywords = {neu, mobile},
	Number = {3},
	Pages = {12--15},
	Rating = {5},
	Read = {1},
	Title = {Making Augmented Reality Practical on Mobile Phones, Part 1},
	Volume = {29},
	Year = {2009},
	Bdsk-File-1 = {YnBsaXN0MDDUAQIDBAUIJidUJHRvcFgkb2JqZWN0c1gkdmVyc2lvblkkYXJjaGl2ZXLRBgdUcm9vdIABqAkKFRYXGyIjVSRudWxs0wsMDQ4RFFpOUy5vYmplY3RzV05TLmtleXNWJGNsYXNzog8QgASABqISE4ACgAOAB1lhbGlhc0RhdGFccmVsYXRpdmVQYXRo0hgNGRpXTlMuZGF0YU8RArYAAAAAArYAAgAABlppZGFuZQAAAAAAAAAAAAAAAAAAAAAAAAAAAMcfNldIKwAAAE+OjR9Qcm9qZWN0c1ZSIC0gTWFraW5nICMyQzI2OEQucGRmAAAAAAAAAAAAAAAAAAAAAAAAAAAAAAAAAAAAAAAAAAAALCaNx8Q2ngAAAAAAAAAAAAIABAAACSAAAAAAAAAAAAAAAAAAAAAGbW9iaWxlABAACAAAxx8oRwAAABEACAAAx8QojgAAAAEAIABPjo0AT36VACFVqAAb7QgAA/9ZAAOTPAADky8AAJGOAAIAdlppZGFuZTpVc2Vyczp3aW5kYWxmOkRvY3VtZW50czpTdHVkeTpEaXBsb21hcmJlaXQ6UmVzZWFyY2ggUGFwZXJzOkV4cG9zZS1NYXJrZXI6bW9iaWxlOlByb2plY3RzVlIgLSBNYWtpbmcgIzJDMjY4RC5wZGYADgCaAEwAUAByAG8AagBlAGMAdABzAFYAUgAgAC0AIABNAGEAawBpAG4AZwAgAEEAdQBnAG0AZQBuAHQAZQBkACAAUgBlAGEAbABpAHQAeQAgAFAAcgBhAGMAdABpAGMAYQBsACAAbwBuACAATQBvAGIAaQBsAGUAIABQAGgAbwBuAGUAcwAtACAAUABhAHIAdAAgADEALgBwAGQAZgAPAA4ABgBaAGkAZABhAG4AZQASAJxVc2Vycy93aW5kYWxmL0RvY3VtZW50cy9TdHVkeS9EaXBsb21hcmJlaXQvUmVzZWFyY2ggUGFwZXJzL0V4cG9zZS1NYXJrZXIvbW9iaWxlL1Byb2plY3RzVlIgLSBNYWtpbmcgQXVnbWVudGVkIFJlYWxpdHkgUHJhY3RpY2FsIG9uIE1vYmlsZSBQaG9uZXMtIFBhcnQgMS5wZGYAEwABLwAAFQACAA7//wAAgAXSHB0eH1gkY2xhc3Nlc1okY2xhc3NuYW1lox8gIV1OU011dGFibGVEYXRhVk5TRGF0YVhOU09iamVjdF8Qdy4uLy4uL1Jlc2VhcmNoIFBhcGVycy9FeHBvc2UtTWFya2VyL21vYmlsZS9Qcm9qZWN0c1ZSIC0gTWFraW5nIEF1Z21lbnRlZCBSZWFsaXR5IFByYWN0aWNhbCBvbiBNb2JpbGUgUGhvbmVzLSBQYXJ0IDEucGRm0hwdJCWiJSFcTlNEaWN0aW9uYXJ5EgABhqBfEA9OU0tleWVkQXJjaGl2ZXIACAARABYAHwAoADIANQA6ADwARQBLAFIAXQBlAGwAbwBxAHMAdgB4AHoAfACGAJMAmACgA1oDXANhA2oDdQN5A4cDjgOXBBEEFgQZBCYEKwAAAAAAAAIBAAAAAAAAACgAAAAAAAAAAAAAAAAAAAQ9}}

@incollection{wagner05,
	Author = {Wagner, Daniel and Pintaric, Thomas and Ledermann, Florian and Schmalstieg, Dieter},
	Booktitle = {Pervasive Computing},
	Date-Added = {2010-06-17 20:44:42 +0200},
	Date-Modified = {2010-10-13 18:51:44 +0200},
	Doi = {10.1007/11428572_13},
	Keywords = {neu, mobile},
	Pages = {208--219},
	Publisher = {{Springer Berlin / Heidelberg}},
	Series = {Lecture Notes in Computer Science},
	Title = {Towards Massively Multi-user Augmented Reality on Handheld Devices},
	Volume = {3468},
	Year = {2005},
	Bdsk-File-1 = {YnBsaXN0MDDUAQIDBAUIJidUJHRvcFgkb2JqZWN0c1gkdmVyc2lvblkkYXJjaGl2ZXLRBgdUcm9vdIABqAkKFRYXGyIjVSRudWxs0wsMDQ4RFFpOUy5vYmplY3RzV05TLmtleXNWJGNsYXNzog8QgASABqISE4ACgAOAB1lhbGlhc0RhdGFccmVsYXRpdmVQYXRo0hgNGRpXTlMuZGF0YU8RAqQAAAAAAqQAAgAABlppZGFuZQAAAAAAAAAAAAAAAAAAAAAAAAAAAMcfNldIKwAAAE+OjR9Ub3dhcmRzIE1hc3NpdmVseSBNdSMzNzQ5NTEucGRmAAAAAAAAAAAAAAAAAAAAAAAAAAAAAAAAAAAAAAAAAAAAN0lRyGo59gAAAAAAAAAAAAIABAAACSAAAAAAAAAAAAAAAAAAAAAGbW9iaWxlABAACAAAxx8oRwAAABEACAAAyGod1gAAAAEAIABPjo0AT36VACFVqAAb7QgAA/9ZAAOTPAADky8AAJGOAAIAdlppZGFuZTpVc2Vyczp3aW5kYWxmOkRvY3VtZW50czpTdHVkeTpEaXBsb21hcmJlaXQ6UmVzZWFyY2ggUGFwZXJzOkV4cG9zZS1NYXJrZXI6bW9iaWxlOlRvd2FyZHMgTWFzc2l2ZWx5IE11IzM3NDk1MS5wZGYADgCOAEYAVABvAHcAYQByAGQAcwAgAE0AYQBzAHMAaQB2AGUAbAB5ACAATQB1AGwAdABpAC0AdQBzAGUAcgAgAEEAdQBnAG0AZQBuAHQAZQBkACAAUgBlAGEAbABpAHQAeQAgAG8AbgAgAEgAYQBuAGQAaABlAGwAZAAgAEQAZQB2AGkAYwBlAHMALgBwAGQAZgAPAA4ABgBaAGkAZABhAG4AZQASAJZVc2Vycy93aW5kYWxmL0RvY3VtZW50cy9TdHVkeS9EaXBsb21hcmJlaXQvUmVzZWFyY2ggUGFwZXJzL0V4cG9zZS1NYXJrZXIvbW9iaWxlL1Rvd2FyZHMgTWFzc2l2ZWx5IE11bHRpLXVzZXIgQXVnbWVudGVkIFJlYWxpdHkgb24gSGFuZGhlbGQgRGV2aWNlcy5wZGYAEwABLwAAFQACAA7//wAAgAXSHB0eH1gkY2xhc3Nlc1okY2xhc3NuYW1lox8gIV1OU011dGFibGVEYXRhVk5TRGF0YVhOU09iamVjdF8QcS4uLy4uL1Jlc2VhcmNoIFBhcGVycy9FeHBvc2UtTWFya2VyL21vYmlsZS9Ub3dhcmRzIE1hc3NpdmVseSBNdWx0aS11c2VyIEF1Z21lbnRlZCBSZWFsaXR5IG9uIEhhbmRoZWxkIERldmljZXMucGRm0hwdJCWiJSFcTlNEaWN0aW9uYXJ5EgABhqBfEA9OU0tleWVkQXJjaGl2ZXIACAARABYAHwAoADIANQA6ADwARQBLAFIAXQBlAGwAbwBxAHMAdgB4AHoAfACGAJMAmACgA0gDSgNPA1gDYwNnA3UDfAOFA/kD/gQBBA4EEwAAAAAAAAIBAAAAAAAAACgAAAAAAAAAAAAAAAAAAAQl},
	Bdsk-Url-1 = {http://dx.doi.org/10.1007/11428572_13}}

@inproceedings{schmalstieg07,
	Address = {Washington, DC, USA},
	Author = {Schmalstieg, Dieter and Wagner, Daniel},
	Booktitle = {ISMAR '07: Proceedings of the 2007 6th IEEE and ACM International Symposium on Mixed and Augmented Reality},
	Date-Added = {2010-06-17 20:35:05 +0200},
	Date-Modified = {2010-10-13 18:50:52 +0200},
	Keywords = {neu, mobile, fiducial marker tracking},
	Pages = {1--13},
	Publisher = {{IEEE Computer Society}},
	Title = {Experiences with Handheld Augmented Reality},
	Year = {2007},
	Bdsk-File-1 = {YnBsaXN0MDDUAQIDBAUIJidUJHRvcFgkb2JqZWN0c1gkdmVyc2lvblkkYXJjaGl2ZXLRBgdUcm9vdIABqAkKFRYXGyIjVSRudWxs0wsMDQ4RFFpOUy5vYmplY3RzV05TLmtleXNWJGNsYXNzog8QgASABqISE4ACgAOAB1lhbGlhc0RhdGFccmVsYXRpdmVQYXRo0hgNGRpXTlMuZGF0YU8RAmAAAAAAAmAAAgAABlppZGFuZQAAAAAAAAAAAAAAAAAAAAAAAAAAAMcfNldIKwAAAE+OjR9FeHBlcmllbmNlcyB3aXRoIEhhbiMzMjA1REUucGRmAAAAAAAAAAAAAAAAAAAAAAAAAAAAAAAAAAAAAAAAAAAAMgXex8Q/NQAAAAAAAAAAAAIABAAACSAAAAAAAAAAAAAAAAAAAAAGbW9iaWxlABAACAAAxx8oRwAAABEACAAAx8QxJQAAAAEAIABPjo0AT36VACFVqAAb7QgAA/9ZAAOTPAADky8AAJGOAAIAdlppZGFuZTpVc2Vyczp3aW5kYWxmOkRvY3VtZW50czpTdHVkeTpEaXBsb21hcmJlaXQ6UmVzZWFyY2ggUGFwZXJzOkV4cG9zZS1NYXJrZXI6bW9iaWxlOkV4cGVyaWVuY2VzIHdpdGggSGFuIzMyMDVERS5wZGYADgBgAC8ARQB4AHAAZQByAGkAZQBuAGMAZQBzACAAdwBpAHQAaAAgAEgAYQBuAGQAaABlAGwAZAAgAEEAdQBnAG0AZQBuAHQAZQBkACAAUgBlAGEAbABpAHQAeQAuAHAAZABmAA8ADgAGAFoAaQBkAGEAbgBlABIAf1VzZXJzL3dpbmRhbGYvRG9jdW1lbnRzL1N0dWR5L0RpcGxvbWFyYmVpdC9SZXNlYXJjaCBQYXBlcnMvRXhwb3NlLU1hcmtlci9tb2JpbGUvRXhwZXJpZW5jZXMgd2l0aCBIYW5kaGVsZCBBdWdtZW50ZWQgUmVhbGl0eS5wZGYAABMAAS8AABUAAgAO//8AAIAF0hwdHh9YJGNsYXNzZXNaJGNsYXNzbmFtZaMfICFdTlNNdXRhYmxlRGF0YVZOU0RhdGFYTlNPYmplY3RfEFouLi8uLi9SZXNlYXJjaCBQYXBlcnMvRXhwb3NlLU1hcmtlci9tb2JpbGUvRXhwZXJpZW5jZXMgd2l0aCBIYW5kaGVsZCBBdWdtZW50ZWQgUmVhbGl0eS5wZGbSHB0kJaIlIVxOU0RpY3Rpb25hcnkSAAGGoF8QD05TS2V5ZWRBcmNoaXZlcgAIABEAFgAfACgAMgA1ADoAPABFAEsAUgBdAGUAbABvAHEAcwB2AHgAegB8AIYAkwCYAKADBAMGAwsDFAMfAyMDMQM4A0EDngOjA6YDswO4AAAAAAAAAgEAAAAAAAAAKAAAAAAAAAAAAAAAAAAAA8o=}}

@inproceedings{wagner07b,
	Address = {o.O.},
	Author = {Wagner, Daniel and Schmalstieg, Dieter},
	Booktitle = {Proceedings of 12th Computer Vision Winter Workshop (CVWW'07)},
	Date-Added = {2010-06-17 20:01:32 +0200},
	Date-Modified = {2010-10-14 13:58:07 +0200},
	Keywords = {neu, artoolkitplus},
	Pages = {139--146},
	Title = {ARToolKitPlus for Pose Tracking on Mobile Devices},
	Year = {2007},
	Bdsk-File-1 = {YnBsaXN0MDDUAQIDBAUIJidUJHRvcFgkb2JqZWN0c1gkdmVyc2lvblkkYXJjaGl2ZXLRBgdUcm9vdIABqAkKFRYXGyIjVSRudWxs0wsMDQ4RFFpOUy5vYmplY3RzV05TLmtleXNWJGNsYXNzog8QgASABqISE4ACgAOAB1lhbGlhc0RhdGFccmVsYXRpdmVQYXRo0hgNGRpXTlMuZGF0YU8RAogAAAAAAogAAgAABlppZGFuZQAAAAAAAAAAAAAAAAAAAAAAAAAAAMcfNldIKwAAAE+ETh9BUlRvb2xLaXRQbHVzIGZvciBQbyMzQzkxNEEucGRmAAAAAAAAAAAAAAAAAAAAAAAAAAAAAAAAAAAAAAAAAAAAPJFKyD5nkgAAAAAAAAAAAAIABAAACSAAAAAAAAAAAAAAAAAAAAANYXJ0b29sa2l0cGx1cwAAEAAIAADHHyhHAAAAEQAIAADIPktyAAAAAQAgAE+ETgBPfpUAIVWoABvtCAAD/1kAA5M8AAOTLwAAkY4AAgB9WmlkYW5lOlVzZXJzOndpbmRhbGY6RG9jdW1lbnRzOlN0dWR5OkRpcGxvbWFyYmVpdDpSZXNlYXJjaCBQYXBlcnM6RXhwb3NlLU1hcmtlcjphcnRvb2xraXRwbHVzOkFSVG9vbEtpdFBsdXMgZm9yIFBvIzNDOTE0QS5wZGYAAA4AbAA1AEEAUgBUAG8AbwBsAEsAaQB0AFAAbAB1AHMAIABmAG8AcgAgAFAAbwBzAGUAIABUAHIAYQBjAGsAaQBuAGcAIABvAG4AIABNAG8AYgBpAGwAZQAgAEQAZQB2AGkAYwBlAHMALgBwAGQAZgAPAA4ABgBaAGkAZABhAG4AZQASAIxVc2Vycy93aW5kYWxmL0RvY3VtZW50cy9TdHVkeS9EaXBsb21hcmJlaXQvUmVzZWFyY2ggUGFwZXJzL0V4cG9zZS1NYXJrZXIvYXJ0b29sa2l0cGx1cy9BUlRvb2xLaXRQbHVzIGZvciBQb3NlIFRyYWNraW5nIG9uIE1vYmlsZSBEZXZpY2VzLnBkZgATAAEvAAAVAAIADv//AACABdIcHR4fWCRjbGFzc2VzWiRjbGFzc25hbWWjHyAhXU5TTXV0YWJsZURhdGFWTlNEYXRhWE5TT2JqZWN0XxBnLi4vLi4vUmVzZWFyY2ggUGFwZXJzL0V4cG9zZS1NYXJrZXIvYXJ0b29sa2l0cGx1cy9BUlRvb2xLaXRQbHVzIGZvciBQb3NlIFRyYWNraW5nIG9uIE1vYmlsZSBEZXZpY2VzLnBkZtIcHSQloiUhXE5TRGljdGlvbmFyeRIAAYagXxAPTlNLZXllZEFyY2hpdmVyAAgAEQAWAB8AKAAyADUAOgA8AEUASwBSAF0AZQBsAG8AcQBzAHYAeAB6AHwAhgCTAJgAoAMsAy4DMwM8A0cDSwNZA2ADaQPTA9gD2wPoA+0AAAAAAAACAQAAAAAAAAAoAAAAAAAAAAAAAAAAAAAD/w==}}

@inproceedings{milgram94b,
	Address = {o.O.},
	Author = {Milgram, Paul and Takemura, Haruo and Utsumi, Akira and Kishino, Fumio},
	Booktitle = {SPIE Telemanipulator and Telepresence Technologies},
	Date-Added = {2010-06-15 19:59:27 +0200},
	Date-Modified = {2010-10-13 11:33:06 +0200},
	Keywords = {neu, allgemein},
	Pages = {282--292},
	Publisher = {SPIE},
	Title = {Augmented Reality: A class of displays on the reality-virtuality continuum},
	Volume = {2351},
	Year = {1995},
	Bdsk-File-1 = {YnBsaXN0MDDUAQIDBAUIJidUJHRvcFgkb2JqZWN0c1gkdmVyc2lvblkkYXJjaGl2ZXLRBgdUcm9vdIABqAkKFRYXGyIjVSRudWxs0wsMDQ4RFFpOUy5vYmplY3RzV05TLmtleXNWJGNsYXNzog8QgASABqISE4ACgAOAB1lhbGlhc0RhdGFccmVsYXRpdmVQYXRo0hgNGRpXTlMuZGF0YU8RAqwAAAAAAqwAAgAABlppZGFuZQAAAAAAAAAAAAAAAAAAAAAAAAAAAMcfNldIKwAAAE9+/x9BdWdtZW50ZWQgUmVhbGl0eSAtICMyNEFGNDYucGRmAAAAAAAAAAAAAAAAAAAAAAAAAAAAAAAAAAAAAAAAAAAAJK9Gx9p+RgAAAAAAAAAAAAIAAwAACSAAAAAAAAAAAAAAAAAAAAAKUGFwZXJzLW5ldwAQAAgAAMcfKEcAAAARAAgAAMfaYiYAAAABABwAT37/ACFVqAAb7QgAA/9ZAAOTPAADky8AAJGOAAIAbFppZGFuZTpVc2Vyczp3aW5kYWxmOkRvY3VtZW50czpTdHVkeTpEaXBsb21hcmJlaXQ6UmVzZWFyY2ggUGFwZXJzOlBhcGVycy1uZXc6QXVnbWVudGVkIFJlYWxpdHkgLSAjMjRBRjQ2LnBkZgAOAKAATwBBAHUAZwBtAGUAbgB0AGUAZAAgAFIAZQBhAGwAaQB0AHkAIAAtACAAQQAgAGMAbABhAHMAcwAgAG8AZgAgAGQAaQBzAHAAbABhAHkAcwAgAG8AbgAgAHQAaABlACAAcgBlAGEAbABpAHQAeQAtAHYAaQByAHQAdQBhAGwAaQB0AHkAIABjAG8AbgB0AGkAbgB1AHUAbQAuAHAAZABmAA8ADgAGAFoAaQBkAGEAbgBlABIAlVVzZXJzL3dpbmRhbGYvRG9jdW1lbnRzL1N0dWR5L0RpcGxvbWFyYmVpdC9SZXNlYXJjaCBQYXBlcnMvUGFwZXJzLW5ldy9BdWdtZW50ZWQgUmVhbGl0eSAtIEEgY2xhc3Mgb2YgZGlzcGxheXMgb24gdGhlIHJlYWxpdHktdmlydHVhbGl0eSBjb250aW51dW0ucGRmAAATAAEvAAAVAAIADv//AACABdIcHR4fWCRjbGFzc2VzWiRjbGFzc25hbWWjHyAhXU5TTXV0YWJsZURhdGFWTlNEYXRhWE5TT2JqZWN0XxBwLi4vLi4vUmVzZWFyY2ggUGFwZXJzL1BhcGVycy1uZXcvQXVnbWVudGVkIFJlYWxpdHkgLSBBIGNsYXNzIG9mIGRpc3BsYXlzIG9uIHRoZSByZWFsaXR5LXZpcnR1YWxpdHkgY29udGludXVtLnBkZtIcHSQloiUhXE5TRGljdGlvbmFyeRIAAYagXxAPTlNLZXllZEFyY2hpdmVyAAgAEQAWAB8AKAAyADUAOgA8AEUASwBSAF0AZQBsAG8AcQBzAHYAeAB6AHwAhgCTAJgAoANQA1IDVwNgA2sDbwN9A4QDjQQABAUECAQVBBoAAAAAAAACAQAAAAAAAAAoAAAAAAAAAAAAAAAAAAAELA==}}

@article{azuma01,
	Author = {Azuma, Ronald and Baillot, Yohan and Behringer, Reinhold and Feiner, Steven and Julier, Simon and MacIntyre, Blair},
	Date-Added = {2010-06-15 19:56:07 +0200},
	Date-Modified = {2010-10-13 19:16:06 +0200},
	Doi = {http://dx.doi.org/10.1109/38.963459},
	Issn = {0272-1716},
	Journal = {IEEE Computer Graphics and Applications},
	Keywords = {neu, allgemein},
	Number = {6},
	Pages = {34--47},
	Title = {Recent Advances in Augmented Reality},
	Volume = {21},
	Year = {2001},
	Bdsk-File-1 = {YnBsaXN0MDDUAQIDBAUIJidUJHRvcFgkb2JqZWN0c1gkdmVyc2lvblkkYXJjaGl2ZXLRBgdUcm9vdIABqAkKFRYXGyIjVSRudWxs0wsMDQ4RFFpOUy5vYmplY3RzV05TLmtleXNWJGNsYXNzog8QgASABqISE4ACgAOAB1lhbGlhc0RhdGFccmVsYXRpdmVQYXRo0hgNGRpXTlMuZGF0YU8RAjYAAAAAAjYAAgAABlppZGFuZQAAAAAAAAAAAAAAAAAAAAAAAAAAAMcfNldIKwAAAE9+/x9SZWNlbnQgQWR2YW5jZXMgaW4gQSMxRkM3RjUucGRmAAAAAAAAAAAAAAAAAAAAAAAAAAAAAAAAAAAAAAAAAAAAH8f1x9p+QgAAAAAAAAAAAAIAAwAACSAAAAAAAAAAAAAAAAAAAAAKUGFwZXJzLW5ldwAQAAgAAMcfKEcAAAARAAgAAMfaYiIAAAABABwAT37/ACFVqAAb7QgAA/9ZAAOTPAADky8AAJGOAAIAbFppZGFuZTpVc2Vyczp3aW5kYWxmOkRvY3VtZW50czpTdHVkeTpEaXBsb21hcmJlaXQ6UmVzZWFyY2ggUGFwZXJzOlBhcGVycy1uZXc6UmVjZW50IEFkdmFuY2VzIGluIEEjMUZDN0Y1LnBkZgAOAFIAKABSAGUAYwBlAG4AdAAgAEEAZAB2AGEAbgBjAGUAcwAgAGkAbgAgAEEAdQBnAG0AZQBuAHQAZQBkACAAUgBlAGEAbABpAHQAeQAuAHAAZABmAA8ADgAGAFoAaQBkAGEAbgBlABIAblVzZXJzL3dpbmRhbGYvRG9jdW1lbnRzL1N0dWR5L0RpcGxvbWFyYmVpdC9SZXNlYXJjaCBQYXBlcnMvUGFwZXJzLW5ldy9SZWNlbnQgQWR2YW5jZXMgaW4gQXVnbWVudGVkIFJlYWxpdHkucGRmABMAAS8AABUAAgAO//8AAIAF0hwdHh9YJGNsYXNzZXNaJGNsYXNzbmFtZaMfICFdTlNNdXRhYmxlRGF0YVZOU0RhdGFYTlNPYmplY3RfEEkuLi8uLi9SZXNlYXJjaCBQYXBlcnMvUGFwZXJzLW5ldy9SZWNlbnQgQWR2YW5jZXMgaW4gQXVnbWVudGVkIFJlYWxpdHkucGRm0hwdJCWiJSFcTlNEaWN0aW9uYXJ5EgABhqBfEA9OU0tleWVkQXJjaGl2ZXIACAARABYAHwAoADIANQA6ADwARQBLAFIAXQBlAGwAbwBxAHMAdgB4AHoAfACGAJMAmACgAtoC3ALhAuoC9QL5AwcDDgMXA2MDaANrA3gDfQAAAAAAAAIBAAAAAAAAACgAAAAAAAAAAAAAAAAAAAOP},
	Bdsk-Url-1 = {http://dx.doi.org/10.1109/38.963459}}

@inproceedings{wagner03,
	Address = {Washington, DC, USA},
	Author = {Wagner, Daniel and Schmalstieg, Dieter},
	Booktitle = {ISWC '03: Proceedings of the 7th IEEE International Symposium on Wearable Computers},
	Date-Added = {2010-06-15 19:22:44 +0200},
	Date-Modified = {2010-10-29 17:33:29 +0200},
	Keywords = {neu, mobile, fiducial marker tracking},
	Pages = {127},
	Publisher = {{IEEE Computer Society}},
	Title = {First Steps Towards Handheld Augmented Reality},
	Year = {2003},
	Bdsk-File-1 = {YnBsaXN0MDDUAQIDBAUIJidUJHRvcFgkb2JqZWN0c1gkdmVyc2lvblkkYXJjaGl2ZXLRBgdUcm9vdIABqAkKFRYXGyIjVSRudWxs0wsMDQ4RFFpOUy5vYmplY3RzV05TLmtleXNWJGNsYXNzog8QgASABqISE4ACgAOAB1lhbGlhc0RhdGFccmVsYXRpdmVQYXRo0hgNGRpXTlMuZGF0YU8RAmgAAAAAAmgAAgAABlppZGFuZQAAAAAAAAAAAAAAAAAAAAAAAAAAAMcfNldIKwAAAE+OjR9GaXJzdCBTdGVwcyBUb3dhcmRzICMzMjA1QUIucGRmAAAAAAAAAAAAAAAAAAAAAAAAAAAAAAAAAAAAAAAAAAAAMgWryD7hxAAAAAAAAAAAAAIABAAACSAAAAAAAAAAAAAAAAAAAAAGbW9iaWxlABAACAAAxx8oRwAAABEACAAAyD7FpAAAAAEAIABPjo0AT36VACFVqAAb7QgAA/9ZAAOTPAADky8AAJGOAAIAdlppZGFuZTpVc2Vyczp3aW5kYWxmOkRvY3VtZW50czpTdHVkeTpEaXBsb21hcmJlaXQ6UmVzZWFyY2ggUGFwZXJzOkV4cG9zZS1NYXJrZXI6bW9iaWxlOkZpcnN0IFN0ZXBzIFRvd2FyZHMgIzMyMDVBQi5wZGYADgBmADIARgBpAHIAcwB0ACAAUwB0AGUAcABzACAAVABvAHcAYQByAGQAcwAgAEgAYQBuAGQAaABlAGwAZAAgAEEAdQBnAG0AZQBuAHQAZQBkACAAUgBlAGEAbABpAHQAeQAuAHAAZABmAA8ADgAGAFoAaQBkAGEAbgBlABIAglVzZXJzL3dpbmRhbGYvRG9jdW1lbnRzL1N0dWR5L0RpcGxvbWFyYmVpdC9SZXNlYXJjaCBQYXBlcnMvRXhwb3NlLU1hcmtlci9tb2JpbGUvRmlyc3QgU3RlcHMgVG93YXJkcyBIYW5kaGVsZCBBdWdtZW50ZWQgUmVhbGl0eS5wZGYAEwABLwAAFQACAA7//wAAgAXSHB0eH1gkY2xhc3Nlc1okY2xhc3NuYW1lox8gIV1OU011dGFibGVEYXRhVk5TRGF0YVhOU09iamVjdF8QXS4uLy4uL1Jlc2VhcmNoIFBhcGVycy9FeHBvc2UtTWFya2VyL21vYmlsZS9GaXJzdCBTdGVwcyBUb3dhcmRzIEhhbmRoZWxkIEF1Z21lbnRlZCBSZWFsaXR5LnBkZtIcHSQloiUhXE5TRGljdGlvbmFyeRIAAYagXxAPTlNLZXllZEFyY2hpdmVyAAgAEQAWAB8AKAAyADUAOgA8AEUASwBSAF0AZQBsAG8AcQBzAHYAeAB6AHwAhgCTAJgAoAMMAw4DEwMcAycDKwM5A0ADSQOpA64DsQO+A8MAAAAAAAACAQAAAAAAAAAoAAAAAAAAAAAAAAAAAAAD1Q==},
	Bdsk-Url-1 = {http://portal.acm.org/citation.cfm?id=946910}}

@article{milgram94a,
	Author = {Milgram, Paul and Kishino, Fumio},
	Date-Added = {2010-06-15 19:01:15 +0200},
	Date-Modified = {2010-10-13 11:32:46 +0200},
	Journal = {IEICE Transactions on Information and Systems E series D},
	Keywords = {neu, allgemein},
	Number = {12},
	Pages = {1321--1321},
	Title = {A Taxonomy of Mixed Reality Visual Displays},
	Volume = {77},
	Year = {1994},
	Bdsk-File-1 = {YnBsaXN0MDDUAQIDBAUIJidUJHRvcFgkb2JqZWN0c1gkdmVyc2lvblkkYXJjaGl2ZXLRBgdUcm9vdIABqAkKFRYXGyIjVSRudWxs0wsMDQ4RFFpOUy5vYmplY3RzV05TLmtleXNWJGNsYXNzog8QgASABqISE4ACgAOAB1lhbGlhc0RhdGFccmVsYXRpdmVQYXRo0hgNGRpXTlMuZGF0YU8RAkwAAAAAAkwAAgAABlppZGFuZQAAAAAAAAAAAAAAAAAAAAAAAAAAAMcfNldIKwAAAE9+/x9BIHRheG9ub215IG9mIG1peGVkICMyNEFFOTIucGRmAAAAAAAAAAAAAAAAAAAAAAAAAAAAAAAAAAAAAAAAAAAAJK6Sx/z9PgAAAAAAAAAAAAIAAwAACSAAAAAAAAAAAAAAAAAAAAAKUGFwZXJzLW5ldwAQAAgAAMcfKEcAAAARAAgAAMf84R4AAAABABwAT37/ACFVqAAb7QgAA/9ZAAOTPAADky8AAJGOAAIAbFppZGFuZTpVc2Vyczp3aW5kYWxmOkRvY3VtZW50czpTdHVkeTpEaXBsb21hcmJlaXQ6UmVzZWFyY2ggUGFwZXJzOlBhcGVycy1uZXc6QSB0YXhvbm9teSBvZiBtaXhlZCAjMjRBRTkyLnBkZgAOAGAALwBBACAAdABhAHgAbwBuAG8AbQB5ACAAbwBmACAAbQBpAHgAZQBkACAAcgBlAGEAbABpAHQAeQAgAHYAaQBzAHUAYQBsACAAZABpAHMAcABsAGEAeQBzAC4AcABkAGYADwAOAAYAWgBpAGQAYQBuAGUAEgB1VXNlcnMvd2luZGFsZi9Eb2N1bWVudHMvU3R1ZHkvRGlwbG9tYXJiZWl0L1Jlc2VhcmNoIFBhcGVycy9QYXBlcnMtbmV3L0EgdGF4b25vbXkgb2YgbWl4ZWQgcmVhbGl0eSB2aXN1YWwgZGlzcGxheXMucGRmAAATAAEvAAAVAAIADv//AACABdIcHR4fWCRjbGFzc2VzWiRjbGFzc25hbWWjHyAhXU5TTXV0YWJsZURhdGFWTlNEYXRhWE5TT2JqZWN0XxBQLi4vLi4vUmVzZWFyY2ggUGFwZXJzL1BhcGVycy1uZXcvQSB0YXhvbm9teSBvZiBtaXhlZCByZWFsaXR5IHZpc3VhbCBkaXNwbGF5cy5wZGbSHB0kJaIlIVxOU0RpY3Rpb25hcnkSAAGGoF8QD05TS2V5ZWRBcmNoaXZlcgAIABEAFgAfACgAMgA1ADoAPABFAEsAUgBdAGUAbABvAHEAcwB2AHgAegB8AIYAkwCYAKAC8ALyAvcDAAMLAw8DHQMkAy0DgAOFA4gDlQOaAAAAAAAAAgEAAAAAAAAAKAAAAAAAAAAAAAAAAAAAA6w=}}

@article{azuma97,
	Author = {Azuma, Ronald},
	Date-Added = {2010-06-15 18:57:30 +0200},
	Date-Modified = {2010-10-13 11:32:41 +0200},
	Journal = {Presence: Teleoperators and Virtual Environments},
	Keywords = {neu, allgemein},
	Number = {4},
	Pages = {355-385},
	Title = {A Survey of Augmented Reality},
	Volume = {6},
	Year = {1997},
	Bdsk-File-1 = {YnBsaXN0MDDUAQIDBAUIJidUJHRvcFgkb2JqZWN0c1gkdmVyc2lvblkkYXJjaGl2ZXLRBgdUcm9vdIABqAkKFRYXGyIjVSRudWxs0wsMDQ4RFFpOUy5vYmplY3RzV05TLmtleXNWJGNsYXNzog8QgASABqISE4ACgAOAB1lhbGlhc0RhdGFccmVsYXRpdmVQYXRo0hgNGRpXTlMuZGF0YU8RAiIAAAAAAiIAAgAABlppZGFuZQAAAAAAAAAAAAAAAAAAAAAAAAAAAMcfNldIKwAAAE9+/x9BIFN1cnZleSBvZiBBdWdtZW50ZSMyNEM3RjMucGRmAAAAAAAAAAAAAAAAAAAAAAAAAAAAAAAAAAAAAAAAAAAAJMfzx9p+PQAAAAAAAAAAAAIAAwAACSAAAAAAAAAAAAAAAAAAAAAKUGFwZXJzLW5ldwAQAAgAAMcfKEcAAAARAAgAAMfaYh0AAAABABwAT37/ACFVqAAb7QgAA/9ZAAOTPAADky8AAJGOAAIAbFppZGFuZTpVc2Vyczp3aW5kYWxmOkRvY3VtZW50czpTdHVkeTpEaXBsb21hcmJlaXQ6UmVzZWFyY2ggUGFwZXJzOlBhcGVycy1uZXc6QSBTdXJ2ZXkgb2YgQXVnbWVudGUjMjRDN0YzLnBkZgAOAEQAIQBBACAAUwB1AHIAdgBlAHkAIABvAGYAIABBAHUAZwBtAGUAbgB0AGUAZAAgAFIAZQBhAGwAaQB0AHkALgBwAGQAZgAPAA4ABgBaAGkAZABhAG4AZQASAGdVc2Vycy93aW5kYWxmL0RvY3VtZW50cy9TdHVkeS9EaXBsb21hcmJlaXQvUmVzZWFyY2ggUGFwZXJzL1BhcGVycy1uZXcvQSBTdXJ2ZXkgb2YgQXVnbWVudGVkIFJlYWxpdHkucGRmAAATAAEvAAAVAAIADv//AACABdIcHR4fWCRjbGFzc2VzWiRjbGFzc25hbWWjHyAhXU5TTXV0YWJsZURhdGFWTlNEYXRhWE5TT2JqZWN0XxBCLi4vLi4vUmVzZWFyY2ggUGFwZXJzL1BhcGVycy1uZXcvQSBTdXJ2ZXkgb2YgQXVnbWVudGVkIFJlYWxpdHkucGRm0hwdJCWiJSFcTlNEaWN0aW9uYXJ5EgABhqBfEA9OU0tleWVkQXJjaGl2ZXIACAARABYAHwAoADIANQA6ADwARQBLAFIAXQBlAGwAbwBxAHMAdgB4AHoAfACGAJMAmACgAsYCyALNAtYC4QLlAvMC+gMDA0gDTQNQA10DYgAAAAAAAAIBAAAAAAAAACgAAAAAAAAAAAAAAAAAAAN0}}

@comment{BibDesk Smart Groups{
<?xml version="1.0" encoding="UTF-8"?>
<!DOCTYPE plist PUBLIC "-//Apple//DTD PLIST 1.0//EN" "http://www.apple.com/DTDs/PropertyList-1.0.dtd">
<plist version="1.0">
<array>
	<dict>
		<key>conditions</key>
		<array>
			<dict>
				<key>comparison</key>
				<integer>6</integer>
				<key>key</key>
				<string>Year</string>
				<key>value</key>
				<string>20</string>
				<key>version</key>
				<string>1</string>
			</dict>
		</array>
		<key>conjunction</key>
		<integer>0</integer>
		<key>group name</key>
		<string>In 2000's</string>
	</dict>
	<dict>
		<key>conditions</key>
		<array>
			<dict>
				<key>comparison</key>
				<integer>4</integer>
				<key>key</key>
				<string>Read</string>
				<key>value</key>
				<string>1</string>
				<key>version</key>
				<string>1</string>
			</dict>
		</array>
		<key>conjunction</key>
		<integer>0</integer>
		<key>group name</key>
		<string>Read</string>
	</dict>
	<dict>
		<key>conditions</key>
		<array>
			<dict>
				<key>comparison</key>
				<integer>4</integer>
				<key>key</key>
				<string>Read</string>
				<key>value</key>
				<string>0</string>
				<key>version</key>
				<string>1</string>
			</dict>
		</array>
		<key>conjunction</key>
		<integer>0</integer>
		<key>group name</key>
		<string>Unread</string>
	</dict>
</array>
</plist>
}}
