%% This BibTeX bibliography file was created using BibDesk.
%% http://bibdesk.sourceforge.net/


%% Created for windalf at 2011-05-17 10:12:51 +0200 


%% Saved with string encoding Unicode (UTF-8) 



@book{kr,
	Address = {London, UK},
	Author = {Kernighan, Brian W. and Ritchie, Dennis M.},
	Edition = {2},
	Publisher = {{Prentice-Hall International}},
	Title = {The C Programming Language},
	Year = {1988}}

@book{moeller2008,
	Address = {{Natick, MA, USA}},
	Author = {Akenine-M{\"o}ller,Tomas and Haines, Eric and Hoffman, Naty},
	Edition = {3},
	Publisher = {{A. K. Peters, Ltd.}},
	Title = {Real-time Rendering},
	Year = {2008}}

@misc{studierstube,
	Author = {{Graz University of Technology}},
	Title = {Studierstube Augmented Reality Project},
	Year = {o.J.}}

@misc{artoolkitplus,
	Author = {{Graz University of Technology}},
	Title = {ARToolKitPlus 2.1.1},
	Year = {2010}}

@misc{artoolkit,
	Author = {{University of Washington, Human Interface Technology Laboratory}},
	Title = {ARToolKit Home Page},
	Year = {2007}}

@phdthesis{wagner07a,
	Author = {Wagner, Daniel},
	School = {Graz University of Technology, Institute for Computer Graphicics and Vision},
	Title = {Handheld Augmented Reality},
	Year = {2007}}

@techreport{tantius08,
	Author = {Tantius, Richard},
	Institution = {Rheinische Friedrich-Wilhelms-Universit{\"a}t Bonn},
	Title = {Augmented Reality auf mobilen Endger{\"a}ten},
	Year = {2008}}

@article{faerber,
	Author = {F{\"a}rber, Markus},
	Title = {Augmented Reality: Markerbasiertes Tracking f{\"u}r Augmented Reality Applikationen}}

@inproceedings{kato99,
	Address = {o.O.},
	Author = {Kato, Hirokazu and Billinghurst, Marc},
	Booktitle = {(IWAR '99) Proceedings. 2nd IEEE and ACM International Workshop on Augmented Reality},
	Pages = {85},
	Publisher = {{IEEE Computer Society}},
	Title = {Marker Tracking and HMD Calibration for a Video-based Augmented Reality Conferencing System},
	Year = {1999}}

@techreport{hirzer08,
	Author = {Hirzer, Martin},
	Institution = {Inst. for Computer Graphics and Vision, Graz University of Technology},
	Title = {Marker Detection for Augmented Reality Applications},
	Year = {2008}}

@manual{artoolkitdoku,
	Author = {Kato, Hirokazu and Billinghurst, Marc and Poupyerv, Ivan},
	Title = {ARToolKit Version 2.33},
	Year = {2000}}

@inproceedings{wagner04,
	Address = {o.O.},
	Author = {Wagner, Daniel and Schmalstieg, Dieter},
	Booktitle = {Augmented Reality Toolkit Workshop, 2003. IEEE International},
	Pages = {14--15},
	Publisher = {{IEEE Computer Society}},
	Title = {ARToolkit on the PocketPC Platform},
	Year = {2004}}

@inproceedings{clarke96,
	Address = {Edinburgh, Schottland},
	Author = {Clarke, J. and Carlsson, S. and Zisserman, A.},
	Booktitle = {Proceedings of the 7th BMVC Conference},
	Pages = {415--424},
	Title = {Detecting and tracking linear features efficiently},
	Year = {1996}}

@inproceedings{nakazato06,
	Address = {Berlin},
	Author = {Nakazato, Yusuke and Kanbara, Masayuki and Yokoya, Naokazu},
	Booktitle = {Advances in Artificial Reality and Tele-Existence},
	Pages = {228--238},
	Series = {Lecture Notes in Computer Science},
	Title = {An Initialization Tool for Installing Visual Makers in Wearable Augmented Reality},
	Volume = {4282},
	Year = {2006}}

@book{umbaugh99,
	Address = {London, UK},
	Author = {Umbaugh, Scott E.},
	Publisher = {{Prentice-Hall International}},
	Title = {Computer Vision and Image Processing: A practical approach using CVIPtools},
	Year = {1999}}

@book{burger05,
	Address = {Berlin},
	Author = {Burger, Wilhelm and Burge, Mark James},
	Publisher = {{Springer Berlin/Heidelberg}},
	Title = {Digitale Bildverarbeitung},
	Year = {2005}}

@book{hartley10,
	Address = {Cambridge, UK},
	Author = {Hartley, Richard and Zisserman, Andrew},
	Edition = {2},
	Publisher = {{Cambridge University Press}},
	Title = {Multiple View Geometry in Computer Vision},
	Year = {2010}}

@inproceedings{zhang02,
	Address = {Washington, DC, USA},
	Author = {Zhang, Xiang and Fronz, Stephan and Navab, Nassir},
	Booktitle = {ISMAR '02: Proceedings of the 1st International Symposium on Mixed and Augmented Reality},
	Pages = {97--106},
	Publisher = {{IEEE Computer Society}},
	Title = {Visual Marker Detection and Decoding in AR Systems: A Comparative Study},
	Year = {2002}}

@inproceedings{rohs2005real,
	Address = {o.O.},
	Author = {Rohs, Michael},
	Booktitle = {2nd International Symposium on Ubiquitous Computing Systems (UCS 2004)},
	Pages = {74--89},
	Publisher = {{Springer Berlin / Heidelberg}},
	Title = {Real-World Interaction with Camera-Phones},
	Year = {2004}}

@inproceedings{rekimoto1998matrix,
	Address = {Washington, DC, USA},
	Author = {Rekimoto, Jun},
	Booktitle = {Computer Human Interaction, 1998. Proceedings. 3rd Asia Pacific},
	Pages = {63--68},
	Publisher = {{IEEE Computer Society}},
	Title = {Matrix: A Realtime Object Identification and Registration Method for Augmented Reality},
	Year = {1998}}

@inproceedings{shi1994good,
	Address = {o.O.},
	Author = {Shi, Jianbo and Tomasi, Carlo},
	Booktitle = {CVPR '94: 1994 IEEE Computer Society Conference on Computer Vision and Pattern Recognition: proceedings},
	Pages = {593--600},
	Publisher = {{IEEE Computer Society}},
	Title = {Good features to track},
	Year = {1994}}

@article{fiala2004artaga,
	Author = {Fiala, M.},
	Journal = {{NRC Canada, ERB-111}},
	Title = {ARTag, an improved marker system based on artoolkit},
	Year = {2004}}

@article{fiala2004artagb,
	Author = {Fiala, M.},
	Journal = {{NRC Canada, ERB-1117}},
	Title = {ARTag Revision 1. A Fiducial Marker System Using Digital Techniques},
	Year = {2004}}

@inproceedings{Schmalstieg:2008il,
	Address = {Washington, DC, USA},
	Author = {Schmalstieg, Dieter and Wagner, Daniel},
	Booktitle = {Proceedings of the IEEE VR 2008 Workshop on Software Engineering and Architectures for Realtime Interactive Systems},
	Pages = {43--44},
	Publisher = {{IEEE Computer Society}},
	Title = {Mobile Phones as a Platform for Augmented Reality},
	Year = {2008}}

@article{wagner09b,
	Author = {Wagner, Daniel and Schmalstieg, Dieter},
	Journal = {IEEE Computer Graphics and Applications},
	Number = {4},
	Pages = {6--9},
	Title = {Making Augmented Reality Practical on Mobile Phones, Part 2},
	Volume = {29},
	Year = {2009}}

@article{wagner09a,
	Author = {Wagner, Daniel and Schmalstieg, Dieter},
	Journal = {IEEE Computer Graphics and Applications},
	Number = {3},
	Pages = {12--15},
	Title = {Making Augmented Reality Practical on Mobile Phones, Part 1},
	Volume = {29},
	Year = {2009}}

@incollection{wagner05,
	Author = {Wagner, Daniel and Pintaric, Thomas and Ledermann, Florian and Schmalstieg, Dieter},
	Booktitle = {Pervasive Computing},
	Pages = {208--219},
	Publisher = {{Springer Berlin / Heidelberg}},
	Series = {Lecture Notes in Computer Science},
	Title = {Towards Massively Multi-user Augmented Reality on Handheld Devices},
	Volume = {3468},
	Year = {2005}}

@inproceedings{schmalstieg07,
	Address = {Washington, DC, USA},
	Author = {Schmalstieg, Dieter and Wagner, Daniel},
	Booktitle = {ISMAR '07: Proceedings of the 2007 6th IEEE and ACM International Symposium on Mixed and Augmented Reality},
	Pages = {1--13},
	Publisher = {{IEEE Computer Society}},
	Title = {Experiences with Handheld Augmented Reality},
	Year = {2007}}

@inproceedings{wagner07b,
	Address = {o.O.},
	Author = {Wagner, Daniel and Schmalstieg, Dieter},
	Booktitle = {Proceedings of 12th Computer Vision Winter Workshop (CVWW'07)},
	Pages = {139--146},
	Title = {ARToolKitPlus for Pose Tracking on Mobile Devices},
	Year = {2007}}

@inproceedings{milgram94b,
	Address = {o.O.},
	Author = {Milgram, Paul and Takemura, Haruo and Utsumi, Akira and Kishino, Fumio},
	Booktitle = {SPIE Telemanipulator and Telepresence Technologies},
	Pages = {282--292},
	Publisher = {SPIE},
	Title = {Augmented Reality: A class of displays on the reality-virtuality continuum},
	Volume = {2351},
	Year = {1995}}

@article{azuma01,
	Author = {Azuma, Ronald and Baillot, Yohan and Behringer, Reinhold and Feiner, Steven and Julier, Simon and MacIntyre, Blair},
	Journal = {IEEE Computer Graphics and Applications},
	Number = {6},
	Pages = {34--47},
	Title = {Recent Advances in Augmented Reality},
	Volume = {21},
	Year = {2001}}

@inproceedings{wagner03,
	Address = {Washington, DC, USA},
	Author = {Wagner, Daniel and Schmalstieg, Dieter},
	Booktitle = {ISWC '03: Proceedings of the 7th IEEE International Symposium on Wearable Computers},
	Pages = {127},
	Publisher = {{IEEE Computer Society}},
	Title = {First Steps Towards Handheld Augmented Reality},
	Year = {2003}}

@article{milgram94a,
	Author = {Milgram, Paul and Kishino, Fumio},
	Journal = {IEICE Transactions on Information and Systems E series D},
	Number = {12},
	Pages = {1321--1321},
	Title = {A Taxonomy of Mixed Reality Visual Displays},
	Volume = {77},
	Year = {1994}}

@article{azuma97,
	Author = {Azuma, Ronald},
	Journal = {Presence: Teleoperators and Virtual Environments},
	Number = {4},
	Pages = {355-385},
	Title = {A Survey of Augmented Reality},
	Volume = {6},
	Year = {1997}}
