%% This BibTeX bibliography file was created using BibDesk.
%% http://bibdesk.sourceforge.net/


%% Created for windalf at 2010-12-02 10:23:03 +0100 


%% Saved with string encoding Unicode (UTF-8) 



@misc{avfoundation,
	Author = {{{Apple Inc.}}},
	Date-Added = {2010-12-02 10:21:44 +0100},
	Date-Modified = {2010-12-02 10:23:02 +0100},
	Title = {AV Foundation Framework Reference},
	Url = {http://developer.apple.com/library/ios/#documentation/AVFoundation/Reference/AVFoundationFramework/_index.html}}
